2568 3834
434 175 461 227 T
458 173 649 242 IBULLUS‚
672 179 695 232 1.
712 185 752 250 3.,
768 188 865 244 53-72.

256 334 347 409 Quod
368 335 392 393 si
412 335 513 396 fatales
534 336 592 394 iam
613 353 693 396 nunc
714 335 895 413 explevimus
915 352 1019 406 annos,

297 421 449 512 Fac'lapis
471 434 615 512 inscriptis
637 445 692 504 stet
713 453 801 512 super
820 452 889 495 ossa
910 434 1003 494 notis:

256 532 429 620 ‘Hic'iacet
448 533 550 592 immiti
571 509 762 610 consumptus
782 542 876 593 morte
898 533 1042 606 Tibullus,
1087 549 1125 609 55

298 630 467 691 Messallam
487 641 563 690 terra
585 631 656 690 dum
678 631 865 711 sequiturque
885 630 977 690 mari!
1018 669 1021 675 ·

176 827 296 876 er-ee.
318 823 387 872 Tun
404 824 463 874 eru
477 825 559 874 tenus
576 823 633 874 uad
646 839 685 874 me
700 830 724 874 a
740 801 869 888 ausum,
880 830 904 874 a
921 823 962 873 ue
977 823 1041 874 rane
1054 823 1086 888 of
1130 883 1132 890 ¹

256 901 332 949 dame
342 901 397 950 and
404 917 469 966 song,
480 902 561 952 where
571 901 638 950 casia
649 901 704 950 and
712 916 763 950 rese
770 917 843 965 grew
853 901 988 961 unbiddm,
998 901 1079 951 where

258 977 336 1028 hands
352 979 385 1044 os
383 980 477 1042 youths
486 979 541 1028 and
549 980 662 1029 maidens
672 981 729 1030 ever
738 986 806 1044 speri
816 980 879 1029 wite
890 980 964 1030 Leve.

260 1112 319 1173 Sed
340 1133 398 1186 me,
420 1081 500 1192 quod
520 1115 612 1173 facilis
632 1124 735 1174 tenero
756 1131 822 1174 sum
844 1132 960 1191 semper
980 1115 1093 1184 Amori,

299 1212 368 1290 Ipsa
382 1213 484 1272 Venus
505 1231 626 1290 campos
647 1212 734 1272 ducet
754 1212 785 1270 in
806 1211 930 1289 Elysios.

261 1310 321 1370 Hic
330 1311 454 1372 choreae
466 1323 626 1389 cantusque
637 1311 744 1387 vigent,
754 1311 921 1387 passimque
932 1319 1072 1386 vagantes

253 1405 260 1413 ’
300 1409 394 1470 Dulce
416 1421 522 1470 sonant
543 1410 621 1469 tenui
643 1418 757 1486 gutture
779 1427 897 1469 carmen
919 1427 1005 1483 aves3
1090 1413 1129 1469 60
1234 1399 1238 1408 ’

261 1507 329 1568 Fert
350 1509 460 1569 casiam
481 1527 542 1568 non
563 1508 640 1568 culta
661 1526 754 1585 seges,
773 1518 909 1585 totosque
930 1526 983 1586 per
1003 1526 1090 1586 agros

308 1608 406 1668 Floret
426 1606 554 1666 odoratis
575 1616 650 1665 terra
670 1606 799 1684 benigna
818 1607 909 1679 rosis;

260 1708 305 1768 Ac
328 1708 465 1766 iuvenum
486 1705 572 1764 series
594 1705 699 1763 teneris
720 1705 853 1764 immixta
873 1704 976 1782 puellis

301 1804 397 1877 Ludit,
420 1814 450 1862 et
471 1801 586 1862 assidue
607 1802 717 1880 praelia
737 1803 840 1862 miscet
861 1802 963 1862 Amor.

261 1905 324 1965 Illic
345 1914 397 1975 est,
419 1903 592 1979 cuicumque
614 1919 705 1976 rapax
727 1919 807 1962 mors
826 1902 905 1980 uenit
925 1903 1042 1974 amanti,
1092 1901 1130 1978 65

301 2003 341 2063 Et
360 2003 433 2080 gerit
453 2001 561 2088 insigni
581 2009 692 2077 myrtea
713 2010 789 2060 serta
810 2018 903 2059 coma.
1063 2055 1224 2180 s
1273 2031 1275 2078 l

181 2203 302 2250 er-aa.
318 2197 374 2247 Bur
390 2197 419 2246 ra
435 2195 477 2244 tu
493 2193 692 2259 eareprffamd
705 2194 750 2243 rus
765 2181 1083 2264 effluentis,
1102 2183 1106 2188 ’

262 2275 343 2326 where
351 2290 421 2338 rages
432 2273 561 2336 Hebion,
570 2273 625 2321 and
633 2272 752 2321 Cerberus
760 2271 934 2336 everguards;
950 2272 1032 2322 where
1040 2288 1084 2322 are

263 2353 341 2403 Ixion
350 2352 406 2401 and
418 2352 508 2437 Tityeq
523 2351 648 2399 Tantalus
659 2350 714 2398 and
722 2350 763 2400 the
773 2349 907 2414 daughters
917 2351 949 2414 os
953 2351 1071 2400 Danaus.

263 2486 302 2543 At
323 2485 461 2545 scelerata
481 2485 556 2543 iacet
576 2484 661 2543 sedes
681 2485 712 2541 in
732 2494 817 2543 nocte
838 2482 983 2561 profunda

185 2653 188 2660 ²
304 2584 421 2654 Abdita,
441 2601 531 2661 quam
553 2583 663 2642 circum
683 2583 810 2684 ilum'qrqtv
826 2583 910 2659 nigra
930 2592 1052 2655 sonant3

152 2743 155 2746 .
264 2681 485 2760 Tisiphoneque
506 2681 624 2756 impexa
643 2678 721 2741 feros
743 2652 804 2764 quo
824 2679 953 2738 crinibus
974 2669 1105 2757 angues?
1128 2731 1131 2737 ,

306 2779 409 2850 Saevit,
432 2787 460 2836 et
481 2778 538 2837 huc
561 2777 628 2836 illuc
649 2777 739 2854 impia
760 2778 844 2836 turba
866 2776 954 2854 fugit:
1098 2789 1135 2851 70

161 2872 167 2879 ’
264 2879 351 2938 Tunc
374 2878 457 2954 niger
478 2876 508 2933 in
529 2886 614 2954 porta
634 2886 803 2952 serpentum
825 2874 969 2935 Cerberus
990 2891 1041 2935 ore

305 2977 410 3038 Stridet
431 2985 460 3033 et
480 2985 592 3034 aeratas
612 2976 737 3033 excubat
756 2983 823 3032 ante
844 2972 929 3033 fores,

152 3183 155 3190 ’
215 3189 261 3236 54.
279 3185 444 3250 imereptiso
479 3184 616 3246 inscriptae
628 3199 656 3232 or
666 3149 708 3231 lis
718 3181 969 3246 smptuszHepne.
1037 3183 1082 3228 68.
1099 3181 1138 3228 Ac

182 3255 238 3304 Aa
289 3255 354 3300 atV
405 3250 585 3299 hacorhe'cz.
708 3252 756 3298 69.
773 3247 976 3311 impeanPar.
1028 3245 1137 3310 implexa

183 3319 204 3366 F
206 3325 254 3368 rut.
266 3317 326 3367 Bae.
391 3321 432 3369 71.
449 3315 548 3365 Palmer
559 3321 669 3378 suggests
675 3319 725 3378 per
734 3320 832 3363 centum
847 3311 966 3363 Cerberus
977 3326 1029 3362 era.
