2574 3818
371 237 722 306 PROPERTJUS,111.
747 245 887 307 a.,1-24.
1057 232 1098 316 ⁶3

228 403 307 477 Quin
329 404 426 475 etiam,
447 402 635 478 Polypheme,
656 401 718 460 fera
739 401 862 461 Galatea
883 401 937 462 sub
957 402 1054 464 Aetna
1081 423 1098 480 5

267 502 315 560 Ad
336 511 386 560 tua
407 511 538 561 rorantes
558 501 688 560 carmina
708 501 789 560 flexit
810 519 920 576 equos:

227 599 377 672 Miremur,
395 601 485 658 nobis
506 609 535 658 et
555 598 675 659 Baccho
696 610 725 658 et
745 599 883 676 Apolline
904 599 1016 672 dextro,

226 719 228 724 ’
268 699 372 756 Turba
392 698 554 775 puellarum
575 697 598 756 si
619 717 687 758 mea
706 700 795 758 verba
817 697 907 758 colit?

161 874 261 918 0-10.
282 868 308 918 T
303 867 385 931 hougk
401 883 432 916 no
443 882 561 931 gorgeous
575 867 656 926 lemare,
669 883 701 917 no
711 867 828 932 fruitsul
836 867 909 918 lanus
920 883 964 919 are
974 867 1049 927 mim,

221 951 267 1008 yet
276 945 300 994 is
310 945 351 994 the
361 947 436 995 Musa
447 960 489 1007 my
498 945 612 994 comrade
622 946 678 994 and
688 962 730 1009 my
732 945 834 1011 friend.
960 951 965 958 '

228 1049 318 1121 Quod
332 1068 394 1108 non
408 1050 562 1108 Taenariis
577 1049 683 1108 domus
697 1060 740 1110 est
754 1050 826 1108 mihi
839 1049 911 1108 fulta
924 1049 1077 1123 columnis,

266 1147 331 1206 Nec
353 1166 469 1228 camera
490 1158 605 1206 auratas
627 1149 701 1232 inter
721 1149 833 1207 eburna
852 1149 957 1219 trabes,
1062 1168 1097 1207 10

226 1245 290 1305 Nec
310 1264 377 1306 mea
397 1246 547 1306 Phaeacas
567 1257 696 1324 aequant
716 1247 848 1324 pomaria
869 1245 961 1319 silvaS,

268 1343 340 1403 Non
361 1361 485 1422 operosa
505 1346 580 1422 rigat
601 1345 730 1405 Marcius
750 1355 834 1404 antra
853 1345 967 1422 liquor:

227 1442 266 1501 At
286 1461 389 1502 musae
410 1444 540 1513 comites
562 1453 591 1502 ct
611 1444 741 1502 carmina
761 1461 828 1502 cara
848 1441 967 1519 legenti,

266 1540 331 1600 Nec
353 1541 467 1601 defessa
487 1541 583 1602 choris
604 1541 756 1619 Calliopea
776 1542 857 1600 meis

225 1639 393 1712 Fortunata,
414 1659 483 1700 meo
504 1642 528 1700 si
548 1659 608 1719 qua
628 1650 671 1699 est
692 1641 836 1700 celebrata
855 1639 974 1704 libello!
1061 1657 1096 1716 15

268 1738 406 1798 Carmina
426 1749 511 1799 erunt
531 1738 642 1798 formae
664 1749 707 1798 tot
727 1749 919 1799 monumenta
940 1750 1016 1798 tuae.

146 1905 265 1971 17—2'4.
282 1919 376 1984 Happy
386 1919 428 1968 she
438 1919 594 1983 whosesame
605 1921 625 1968 I
631 1918 705 1982 sing!
721 1935 787 1968 more
801 1920 876 1968 stabla
890 1920 953 1968 thau
965 1920 1046 1982 Pyra-

228 1997 288 2058 mid,
305 2013 335 2046 or
350 2002 496 2046 monument
511 1997 543 2061 os
551 1998 692 2056 Mausolus,
710 2012 753 2060 my
765 2012 839 2046 name
855 1997 914 2045 will
926 1997 1001 2046 know
1016 2011 1047 2044 uo

227 2075 308 2124 deam.

226 2178 305 2236 Nam
326 2197 422 2256 neque
443 2177 629 2255 pyramidum
650 2187 783 2254 sumptus
803 2177 841 2236 ad
861 2176 955 2236 sidera
976 2176 1061 2249 ducti,

267 2276 330 2335 Nec
351 2277 429 2336 Iovis
448 2277 513 2335 Elei
535 2277 649 2336 caelum
670 2275 781 2334 imitata
802 2275 916 2346 domuc,

226 2373 290 2433 Nec
311 2375 455 2434 Mausolei
478 2375 557 2434 dives
577 2375 694 2434 fortuna
714 2373 839 2450 sepulcri

266 2472 378 2533 Mortis
393 2475 431 2532 ab
452 2483 583 2532 extrema
603 2473 777 2532 condicione
798 2483 911 2534 vacant.
1059 2494 1096 2533 20

225 2570 285 2629 Aut
306 2571 360 2630 illis
381 2571 502 2630 flamma
523 2582 573 2631 aut
593 2571 686 2629 imber
706 2570 849 2629 subducet
870 2570 1018 2644 honores¹

267 2669 422 2729 Annorum
443 2680 493 2729 aut
512 2670 572 2728 ictu
593 2669 724 2746 pondere
745 2669 819 2728 victa
839 2680 931 2728 ruent.

224 2766 265 2824 At
285 2786 345 2827 non
367 2769 486 2843 ingenio
505 2768 669 2844 quaesitum
689 2784 800 2826 nomen
822 2768 859 2825 ab
880 2786 953 2826 aevo

267 2865 405 2925 Excidet:
431 2866 550 2941 ingenio
571 2875 628 2924 stat
648 2865 710 2924 sine
732 2875 827 2924 morte
849 2865 945 2925 decus.

176 3047 202 3094 5,
213 3045 275 3108 fera
286 3043 358 3096 MSS.
371 3045 426 3094 edd.
492 3051 532 3096 11.
545 3046 662 3110 pheacias
673 3049 728 3093 ND
771 3046 870 3110 sencias
881 3050 913 3096 1'.
980 3049 1021 3095 12.
1038 3053 1096 3096 oute

144 3113 180 3158 N.
248 3115 288 3160 13.
301 3112 397 3160 comitis
408 3114 491 3159 NDV
522 3112 643 3160 comitiE'
677 3112 850 3161 comitesFV'.
916 3114 958 3160 14.
970 3113 1023 3160 Nec
1031 3111 1095 3174 conj.

143 3176 294 3226 Bae.Palm.
337 3179 410 3226 Eto
423 3177 517 3238 Hertz,
529 3177 633 3226 omitted
647 3178 681 3241 by
693 3180 729 3226 N.
797 3181 837 3226 21„
854 3176 1007 3226 mbducitn·
1040 3178 1095 3226 sub-

143 3240 214 3289 ducet
226 3241 311 3292 Hertz.
323 3243 379 3291 edd.
456 3245 500 3291 22.
519 3244 571 3291 ictu
582 3246 637 3290 ΝΕ·
681 3243 782 3292 ictusD
827 3243 878 3306 ipso
890 3244 947 3292 Bae.
988 3243 1096 3306 pondere

143 3309 228 3354 NDV
266 3307 378 3371 pondero
396 3310 421 3356 Ε
470 3307 559 3367 Palm,
575 3307 706 3373 following
722 3310 855 3371 Burmann,
872 3308 943 3369 reads
958 3310 1096 3358 Amtorum

143 3372 261 3435 amictu,
269 3371 377 3438 pondere
386 3373 461 3434 victa,
472 3378 554 3423 ruent.
942 3399 952 3418 .
