2574 3818
396 221 671 294 pnerRTlUS,
694 227 734 278 11.
760 232 942 299 13.,17-4o.
1095 197 1148 310 '53

276 386 340 446 Nec
361 385 433 445 mihi
454 396 524 445 tunc
544 385 638 444 fulcro
660 395 803 448 sternatur
823 385 914 446 lectus
935 389 1056 461 eburno,

317 485 381 560 Nec
403 486 439 544 sit
459 486 491 542 in
511 485 639 544 Attalico
659 503 740 547 mors
761 503 828 543 mea
850 486 921 545 nixa
941 498 1025 562 tor03

275 585 359 645 Desit
379 583 532 643 odoriferis
553 584 627 642 ordo
648 582 720 641 mihi
741 584 891 657 lancibus;
920 585 1017 644 adsint

312 683 414 743 ·Plebei
435 701 540 759 parvae
562 682 670 742 funeris
691 684 841 759 exequiae.

277 781 328 841 Sat
341 800 410 840 mea
424 792 467 840 sat
481 797 591 857 magna
604 791 648 840 est
662 781 686 839 si
700 790 757 839 tres
772 782 830 840 sint
843 799 955 858 pompa
969 781 1067 855 libelli,
1111 800 1149 859 25

317 879 403 954 Quos
424 898 481 958 ego
503 879 707 957 Persephonae
728 880 858 938 maxima
879 880 958 939 dona
978 880 1103 941 feram.'
1183 957 1188 962 Ι

194 1023 314 1071 17-38.
331 1020 388 1068 But
398 1020 431 1068 let
441 1019 486 1081 thy
497 1019 585 1082 leving
593 1034 648 1068 care
658 1019 684 1068 be
696 1017 764 1068 there
775 1026 799 1068 to
806 1019 865 1082 give
876 1035 969 1069 meone
980 1022 1030 1069 last
1039 1019 1097 1081 tiss,

275 1104 300 1146 to
311 1098 382 1162 place
395 1112 412 1145 a
428 1097 615 1146 lauret-brunei
632 1112 690 1146 over
700 1112 742 1159 my
753 1098 824 1157 tomh,
838 1098 894 1146 and
906 1103 930 1147 to
943 1099 1018 1150 write
1032 1113 1064 1148 on
1080 1099 1103 1148 it

276 1175 316 1224 the
327 1174 446 1239 undying
455 1174 554 1238 epitaph
568 1175 623 1223 ‘He
634 1174 703 1223 lived
711 1190 727 1223 a
731 1175 850 1248 faithful
858 1172 941 1225 lover?

277 1274 325 1335 Tu
347 1255 416 1334 uero
438 1276 552 1336 nudum
573 1286 676 1351 pectus
697 1274 823 1335 lacerata
843 1277 987 1354 sequeris,

318 1373 382 1433 Nec
403 1374 490 1450 fueris
512 1392 622 1432 nornen
643 1373 718 1432 lassa
739 1391 842 1432 vocare
864 1391 973 1446 meum,

277 1471 444 1550 Osculaque
466 1472 497 1529 in
517 1470 620 1548 gelidis
641 1489 735 1549 pones
756 1477 892 1547 suprema
913 1473 1032 1545 labellis,

259 1605 263 1613 -
308 1569 394 1630 Cum
416 1571 529 1629 dabitur
552 1568 636 1645 Syrio
657 1588 778 1628 munere
800 1571 905 1647 plenus
926 1590 1015 1650 onyx.
1110 1591 1150 1647 30

275 1668 400 1741 Deinde,
422 1669 471 1727 ubi
494 1669 661 1745 suppositus
682 1669 809 1727 cinerem
830 1689 878 1729 me
899 1671 999 1730 fecerit
1019 1671 1115 1745 ardor,

313 1767 447 1844 Accipiat
467 1785 571 1826 manes
592 1767 710 1844 parvula
731 1777 805 1826 testa
826 1786 917 1841 meos,

184 1889 186 1892 ·
266 1865 315 1946 ‚Et
336 1866 422 1925 sitin
444 1866 551 1941 exiguo
572 1864 672 1923 laurus
693 1867 880 1942 superaddita
900 1869 996 1940 busto,

318 1962 404 2036 Quae
425 1974 504 2040 tegat
524 1965 644 2022 extincti
664 1964 775 2023 funeris
795 1968 899 2024 umbra
921 1967 1028 2027 locum.

275 2063 314 2123 Et
343 2065 403 2124 duo
432 2065 489 2122 sint
518 2082 636 2123 versus:
669 2062 746 2135 ‘Qui
779 2083 857 2124 nunc
889 2066 964 2126 iacet
994 2065 1110 2127 horrida

360 2222 364 2232 ,
400 2163 501 2240 pulvis,
1018 2193 1021 2206 =
1110 2181 1149 2241 35

317 2260 413 2320 Unius
434 2261 481 2320 hic
504 2262 655 2339 quondam
677 2280 774 2320 servus
795 2262 902 2322 amoris
917 2262 1002 2336 erat!

203 2437 204 2440 Ἴ
278 2358 341 2418 Nec
362 2361 459 2421 minus
479 2360 551 2419 haec
572 2361 664 2419 nostri
686 2370 815 2419 notescet
836 2359 915 2418 sama
936 2361 1067 2438 sepulcri,

319 2457 419 2531 Quam
439 2459 554 2518 fuerant
575 2458 671 2518 Phthii
693 2459 777 2519 busta
798 2470 918 2519 cruenta
939 2461 999 2518 viri.

195 2618 316 2663 80-42.
333 2613 407 2676 long
416 2615 509 2676 niayest
523 2613 583 2662 thou
595 2613 660 2663 live:
677 2614 722 2662 dut
735 2614 812 2678 slight
822 2620 865 2662 not
876 2614 936 2662 thou
948 2629 990 2676 my
1000 2613 1102 2663 ashes-

277 2691 333 2754 they
341 2690 399 2740 will
407 2691 481 2739 know
492 2691 532 2740 the
542 2691 706 2755 slight-and
714 2692 788 2742 when
798 2692 859 2740 tleou
870 2692 938 2751 diest,
948 2707 1012 2740 come
1022 2698 1047 2741 to
1055 2707 1100 2749 nee.

277 2791 328 2849 Tu
349 2811 467 2869 quoque
490 2793 513 2850 si
534 2792 656 2869 quando
676 2793 774 2851 venies
795 2792 833 2851 ad
854 2791 921 2864 fata,
944 2803 1103 2863 mement0,

318 2889 388 2950 Hoc
408 2891 461 2948 iter
482 2889 519 2948 ad
540 2890 651 2966 lapides
672 2909 746 2949 cana
766 2891 831 2949 veni
851 2908 1006 2950 memores.
1111 2899 1150 2963 40‘

228 3040 271 3086 23.
289 3037 381 3086 atsint
391 3037 454 3098 conj.
467 3036 594 3086 Heinsius.
624 3043 626 3062 ¹
656 3033 658 3036 ’
681 3038 726 3084 24.
744 3037 869 3101 obsequiae
881 3040 943 3086 NF.
1034 3040 1078 3086 25.
1094 3053 1151 3088 mea

194 3107 266 3150 satz
308 3103 472 3152 measitNO
516 3117 570 3151 mea
580 3103 616 3151 sic
628 3101 692 3164 conj.
705 3103 763 3151 Bae.
807 3103 969 3166 magnesio
1012 3118 1105 3168 magna
1116 3110 1152 3154 est

194 3167 258 3217 siz.
326 3170 369 3221 27.
392 3169 459 3217 Tum
471 3171 532 3216 DV.
594 3172 635 3216 31.
652 3168 828 3231 subpositusN
861 3168 1002 3231 suppositus
1011 3171 1067 3218 0..
1105 3172 1149 3218 34.

195 3234 252 3282 Bae.
265 3233 328 3296 conj.
333 3233 461 3298 sunelm's.
528 3236 573 3281 36.
590 3234 664 3284 Unus
672 3237 708 3281 N.
775 3236 820 3282 40.
839 3234 893 3282 Hoc
904 3235 989 3283 itero
1023 3235 1079 3284 Hoc
1090 3235 1151 3284 itere

196 3298 305 3363 Scaliger
337 3299 398 3348 Huc
401 3298 686 3363 ferriaelapidescana
697 3298 781 3348 subire
792 3315 856 3348 meos
867 3299 988 3348 Heinsius
1020 3300 1152 3352 Huccura

195 3365 230 3413 ad
239 3365 341 3428 lapides,
351 3380 420 3422 cara,
431 3365 490 3413 velei
500 3380 617 3413 memores
629 3365 686 3430 Bae.
