2574 3818
182 250 227 312 40
409 241 683 312 PROPERTIUS,
707 235 811 315 1.18.,
833 260 915 314 9·3²·

264 404 345 479 Quid
366 415 479 465 tantum
500 406 615 467 merui?
643 423 719 485 quae
742 414 771 466 te
794 405 865 465 mihi
889 406 1020 467 carmina

384 505 520 564 mutant?
596 563 598 566 .

312 600 362 660 An
382 621 460 663 nova
479 603 606 663 tristitiae
628 619 717 664 causa
737 602 834 680 puella
854 603 943 664 tuae?
1093 621 1130 662 10

182 919 301 963 11—10.
317 911 390 962 Nam
400 909 471 961 other
479 910 543 960 have
551 911 572 960 I
579 910 663 960 lrvcd:
678 908 785 974 andfor
793 909 833 959 all
840 907 885 972 thy
894 908 997 972 cruelty‚
1008 921 1084 960 muer

260 989 346 1041 would
353 989 435 1054 Igive
441 987 509 1053 pain
519 994 544 1038 to
554 987 615 1039 thee.

215 1151 218 1158 ·
262 1130 312 1192 Sic
332 1130 404 1190 mihi
423 1138 453 1190 te
473 1128 579 1189 referas
598 1127 678 1202 levis,
699 1138 731 1189 ut
752 1147 814 1189 non
834 1127 926 1188 altera
945 1128 1047 1190 nostro

301 1226 417 1287 Limine
438 1226 584 1287 formosos
604 1225 698 1285 intulit
718 1225 776 1286 ulla
795 1224 896 1304 pedes.

262 1325 404 1401 Quamvis
424 1325 517 1385 multa
537 1325 588 1385 tibi
609 1324 694 1386 dolor
714 1323 763 1385 hic
783 1342 866 1384 meus
887 1341 991 1402 aspera
1011 1322 1106 1396 debet,

302 1423 373 1484 Non
394 1425 435 1484 ita
455 1442 543 1484 saeva
563 1433 662 1484 tamen
682 1424 791 1484 venerit
811 1423 855 1483 ira
874 1440 949 1496 mea,

168 1539 170 1545 ·
259 1522 302 1583 Ut
322 1523 374 1582 tibi
395 1522 451 1581 sim
471 1523 575 1582 merito
596 1539 712 1600 semper
732 1521 820 1595 furor,
842 1532 871 1582 et
890 1531 941 1582 tua
960 1519 1058 1581 flendo
1090 1537 1126 1596 15

300 1619 428 1680 Lumina
448 1619 566 1680 deiectis
586 1619 681 1698 turpia
701 1621 758 1680 sint
778 1619 914 1683 lacrimis.

178 1942 299 1991 17-22.
315 1935 386 1988 Bear
395 1936 495 1987 witness
505 1933 538 2002 of
542 1952 585 2000 my
596 1935 655 1998 love,
661 1951 696 2000 ye
706 1942 776 1998 trees,
788 1935 845 1985 tlrat
855 1909 941 2001 tellus
947 1934 1078 2000 Cynthia’s
1092 1919 1107 1976 'x

258 2031 340 2067 nanu.
1045 2031 1047 2034 ·

257 2159 307 2218 An
327 2159 396 2237 quia
415 2176 505 2235 parva
526 2157 630 2216 damus
650 2163 763 2216 mutato
780 2155 865 2233 signa
885 2155 992 2228 colore,

296 2257 335 2316 Et
355 2275 417 2317 non
437 2255 497 2315 ulla
516 2272 585 2314 meo
605 2254 712 2314 clamat
734 2255 765 2313 in
786 2272 837 2314 ore
857 2254 948 2314 fides?

257 2356 320 2415 Vos
341 2355 417 2415 eritis
437 2364 534 2424 testes,
556 2354 580 2413 si
601 2371 676 2432 quos
697 2353 786 2414 habet
806 2353 894 2413 arbor
914 2371 1039 2427 amores,

297 2453 395 2529 Fagus
415 2463 444 2512 et
463 2451 591 2514 Arcadio
610 2453 696 2530 pinus
718 2452 814 2512 amica
834 2451 899 2512 deo.
1086 2471 1124 2511 20

254 2551 304 2610 Ah
324 2551 459 2630 quotiens
480 2561 594 2611 teneras
614 2561 751 2611 resonant
770 2569 838 2612 mea
857 2551 946 2612 verba
967 2552 1021 2610 sub

378 2650 506 2732 umbras,
626 2691 628 2696 -
906 2695 911 2704 .

297 2747 436 2809 Scn'bitur
456 2757 484 2808 et
504 2748 604 2808 vestris
626 2745 753 2826 Cynthia
773 2748 945 2809 corticibus!

177 3026 180 3032 ‚
207 3002 234 3048 9.
252 2996 369 3048 carmina
385 3001 440 3048 No
458 2999 513 3048 Per.
573 2999 685 3049 crimina
701 3004 722 3048 z
740 2998 848 3066 Lipsius,
862 2998 947 3050 Hertz„
961 2997 1047 3064 Paley,
1063 2999 1123 3051 Bae.

174 3062 290 3114 Mueller.
341 3067 382 3115 12.
400 3065 448 3114 illa
459 3068 499 3113 Ill.
553 3069 596 3115 16.
613 3065 743 3114 dez'ectisz
776 3066 872 3116 delectis
886 3062 952 3114 ΠΨ
983 3063 1078 3114 dilectis
1090 3067 1123 3115 0.

173 3133 215 3183 17.
228 3132 350 3194 parvaO
384 3145 447 3180 rara
465 3131 589 3180 Burmann
622 3129 689 3179 dura
700 3131 760 3181 Bae.
825 3131 900 3180 colore
911 3133 965 3180 ΝΟ
998 3127 1124 3180 caloreV¹

172 3194 250 3245 Lach.
311 3200 354 3247 19.
372 3194 524 3246 arborum
555 3196 633 3246 ardor
643 3198 675 3245 0.
725 3199 771 3247 20.
788 3197 870 3246 amica
882 3199 963 3246 ΝΛΞ·
976 3195 1062 3246 Hertz.
1074 3202 1122 3246 etc.

173 3267 259 3309 amata
270 3264 324 3310 DV
335 3262 394 3313 Bae.
517 3264 558 3310 21.
575 3262 685 3312 Hass'
717 3262 762 3310 ΑΙι
772 3261 815 3311 the
825 3268 874 3312 rest
988 3264 1122 3311 teneraso

172 3332 267 3374 vestras
289 3327 307 3375 l.
331 3340 360 3375 21
381 3327 431 3376 and
445 3328 536 3377 teneris
555 3328 573 3377 1.
592 3341 621 3374 aa
640 3326 768 3388 Schrader,
787 3327 867 3378 Palm.
900 3332 986 3378 tenera
1001 3327 1047 3376 has
1063 3327 1122 3378 Bae.

172 3393 218 3443 22.
234 3390 324 3440 vestris
335 3395 364 3440 Ν
376 3393 431 3442 edd.
464 3394 558 3443 nostn's
568 3391 666 3442 ΑΝ.
