2568 3834
191 193 231 253 14
270 135 275 144 ⁸
443 180 658 252 mauman,
681 188 881 252 1.10.‚3-26.

269 345 349 404 Tum
370 345 474 404 caedes
494 345 651 404 hominum
675 346 784 422 generi,
806 354 869 404 turn
890 344 998 422 praelia
1018 355 1094 415 nata,

309 445 390 504 Tum
411 446 523 504 brevior
544 445 622 504 dirae
643 446 743 505 mortis
764 456 864 524 aperta
883 446 931 504 via
951 455 1003 504 est.

158 614 161 620 Ι
267 544 317 601 An
337 543 409 602 nihil
429 543 476 602 ille
497 543 586 603 miser
604 543 718 615 meruit,
739 561 794 602 nos
816 542 854 602 ad
875 542 953 602 mala
973 552 1074 601 nostra
1116 558 1134 616 5

307 641 464 714 Vertimus,
487 642 518 699 in
538 659 638 700 saevas
659 640 739 718 quod
760 640 839 701 dedit
861 641 908 701 ille
930 641 1025 700 seras?

266 739 369 798 Divitis
390 739 448 798 hoc
471 739 570 798 vitium
590 748 634 798 est
656 739 725 811 auri,
748 758 803 799 nec
824 739 901 800 bella
920 739 1045 814 fuerunt,

306 837 435 914 Faginus
456 837 569 897 astabat
590 856 658 896 cum
679 837 807 915 scyphus
828 847 895 897 ante
917 838 1016 915 dapes.

267 935 336 996 Non
357 954 446 1009 arces,
466 954 529 995 non
548 936 639 995 vallus
660 945 730 1008 erat,
752 954 947 1014 somnumque
967 939 1085 1014 petebat

308 1035 434 1096 Securus
455 1036 548 1094 varias
570 1035 632 1096 dux'
650 1036 747 1112 gregis
769 1037 844 1096 inter
865 1054 943 1096 oves.
1099 1055 1135 1096 ιο
1215 1079 1221 1090 ,

266 1133 354 1194 Tunc
376 1134 446 1193 mihi
467 1135 525 1194 vita
545 1134 628 1206 foret,
649 1134 727 1210 vulgi
748 1153 803 1194 nec
824 1135 915 1194 tristia
935 1152 1053 1194 nossem

307 1234 406 1304 Arma,
428 1251 484 1293 nec
505 1233 652 1292 audissem
673 1233 761 1293 corde
782 1234 907 1293 micante
928 1234 1037 1294 tubam.

187 1396 305 1441 18-28.
322 1389 379 1439 But
395 1404 451 1437 now
468 1389 487 1437 I
502 1404 544 1437 am
562 1388 671 1452 dragged
682 1387 722 1453 off
730 1394 755 1436 to
775 1403 846 1437 war:
862 1389 918 1452 keep
935 1403 972 1438 me
988 1388 1047 1453 safe,
1053 1405 1087 1452 ye

266 1468 346 1517 Lares
356 1466 387 1531 of
392 1482 434 1529 my
437 1465 555 1532 fathers:
565 1481 599 1528 ye
610 1467 673 1516 have
683 1481 740 1516 ever
747 1465 806 1515 'been
817 1466 879 1529 dub»
887 1467 1022 1527 honoured,
1033 1468 1089 1515 and

261 1561 295 1610 γε
304 1544 374 1594 shall
381 1544 407 1594 be
418 1544 546 1594 honoured
553 1560 616 1594 ever.

267 1653 356 1714 Nunc
377 1654 415 1713 ad
436 1654 510 1712 bella
531 1653 638 1725 trahor,
652 1664 681 1712 et
701 1653 759 1712 iam
777 1653 842 1731 quis
863 1653 983 1725 forsitan
1002 1653 1094 1714 hostis

307 1753 443 1812 Haesura
463 1753 494 1810 in
515 1741 614 1811 nostro
636 1751 693 1812 tela
713 1753 786 1830 gerit
806 1751 903 1812 latere.

268 1852 326 1912 Sed
347 1851 431 1929 patrii
453 1862 563 1910 servate
585 1849 693 1910 Lares:
716 1851 825 1910 aluistis
846 1862 874 1910 et
895 1850 982 1922 idern,
1098 1866 1133 1926 15

307 1950 464 2012 Cursarem
485 1959 595 2010 vestros
616 1968 685 2009 cum
705 1959 787 2008 tener
807 1959 875 2008 ante
896 1949 995 2026 pedes

267 2049 334 2109 Neu
354 2049 462 2126 pudeat
483 2049 580 2126 prisco
601 2066 654 2107 vos
676 2066 739 2108 esse
760 2067 777 2107 e
798 2048 893 2126 stipite
913 2048 1022 2108 factos:

309 2147 358 2207 Sic
378 2149 481 2208 veteris
502 2148 585 2207 sedes
607 2147 765 2207 incoluistis
786 2147 839 2207 avi.

268 2247 356 2306 Tunc
376 2246 479 2304 melius
500 2255 616 2304 tenuere
638 2246 736 2317 fidem,
758 2264 827 2322 curn
847 2262 976 2322 paupere
997 2245 1076 2304 cultu

309 2343 409 2403 Stabat
430 2344 461 2402 in
481 2343 586 2419 exigua
607 2343 719 2419 ligneus
740 2344 814 2403 aede
835 2343 915 2402 deus.
1096 2363 1133 2402 ao

269 2441 327 2502 Hic
346 2441 478 2519 placatus
499 2451 569 2514 erat,
591 2459 642 2500 seu
662 2443 727 2519 quis
748 2442 886 2501 libaverat
906 2459 1002 2512 uvam,

308 2539 367 2600 Seu
388 2540 505 2598 dederat
527 2549 644 2598 sanctae
666 2541 763 2617 spicea
784 2550 860 2600 serta
880 2558 1005 2599 comae:

170 2687 174 2694 .
266 2640 363 2716 Atque
384 2637 486 2715 aliquis
508 2639 566 2697 voti
588 2657 711 2716 compos
732 2638 791 2699 liba
811 2640 873 2716 ipse
894 2638 1003 2697 ferebat

308 2737 435 2814 Postque
457 2754 557 2796 comes
577 2739 683 2814 puru'm
703 2736 762 2795 filia
782 2755 872 2814 parva
892 2736 1000 2796 favum.

266 2839 307 2896 At
326 2837 410 2896 nobis
431 2845 535 2906 aerata,
556 2834 655 2907 Lares,
677 2835 809 2912 depellite
823 2834 895 2906 tela,
1096 2851 1132 2910 25
1230 2863 1234 2870 ·

308 2935 471 3011 Hostiaque
493 2952 510 2992 e
530 2933 617 3009 plena
637 2934 743 2993 rustica
763 2951 868 3011 porcus
889 2933 968 2992 hara.

219 3089 240 3138 1.
254 3091 293 3138 10.
311 3093 336 3138 5.
353 3091 398 3138 An
409 3093 464 3139 AV
490 3091 556 3138 atG
596 3089 690 3153 forsan
700 3095 725 3137 et
735 3089 778 3138 ille
789 3088 860 3138 nihil
869 3087 965 3138 meruit
975 3089 1030 3137 Par.
1106 3093 1132 3139 8.

186 3155 286 3218 aptabat
296 3156 351 3204 Par.
402 3155 453 3204 For
463 3155 537 3218 dapes
548 3154 603 3202 Par.
619 3154 665 3202 has
677 3169 782 3202 nremm.
872 3158 915 3202 10.
931 3160 1033 3202 saturas
1045 3153 1134 3204 Heius

186 3236 277 3268 vacuas
289 3219 390 3269 Broukh
422 3224 558 3284 sparsasz.
625 3224 664 3269 11.
678 3219 784 3282 vulgio
807 3219 887 3267 dulcis
897 3219 983 3268 Heins.
995 3223 1024 3268 Ζ.
1091 3223 1132 3270 12.

186 3292 303 3334 tremente
311 3289 345 3335 V.
393 3289 435 3334 18.
448 3285 569 3335 veterisz
597 3286 730 3334 veteresO.
780 3284 917 3348 23.ipsez
947 3285 1042 3348 ipsaO.
1088 3287 1133 3334 26.

187 3351 375 3416 Hostiaqueeo
393 3351 483 3400 Hostia
491 3351 520 3400 de
528 3349 563 3401 (Ρ
579 3351 671 3400 Hostia
678 3350 758 3400 m'tz
776 3350 878 3414 mystico
888 3352 914 3399 G
931 3349 1133 3402 msticaAVG².
