2574 3818
83 155 88 164 ·
180 207 222 277 74
381 200 655 271 PROPERTIUS,
680 207 735 258 111.
759 210 799 276 7.,
823 221 923 271 53-72.

260 368 351 428 Hunc
371 384 460 444 parvo
481 366 547 425 serri
568 366 637 428 vidit
658 383 718 425 nox
739 365 873 442 improba
894 366 993 443 ligno:
1040 423 1044 432 ,

300 467 405 525 Paetus
426 476 458 526 ut
478 465 632 539 occideret,
653 475 696 525 tot
717 466 811 525 coiere
831 464 918 524 mala.

180 667 299 714 ῡῡ-οο.
330 661 399 712 With
416 661 457 712 his
473 663 522 711 last
537 662 622 713 breath
639 662 669 712 he
686 663 798 727 prayed:
815 664 852 711 ‘O
865 678 899 726 yc
918 662 982 712 Gods
997 663 1028 729 of
1037 663 1078 712 the

260 740 369 804 AEgran‚
378 739 437 802 why
444 741 474 790 do
478 756 512 804 yc
520 741 607 790 match
608 740 682 805 from
694 756 731 790 me
740 756 782 803 my
786 757 876 805 young
883 741 929 805 life
938 757 963 790 so
971 740 1078 805 nedem?

262 818 359 882 Owaft
374 834 415 882 my
431 819 490 882 body
504 825 529 868 to
546 834 587 882 my
604 819 689 868 native
704 818 782 876 shore,
798 819 853 869 and
866 825 890 868 to
906 835 948 882 my
964 819 1078 870 mother's

260 893 345 945 carel’
403 930 405 934 .

261 1007 348 1088 Flens
371 1018 470 1068 tamen
497 1009 633 1068 extremis
660 1009 739 1068 dedit
760 1009 834 1069 haec
855 1011 993 1070 mandata
1014 1029 1085 1088 que·

382 1107 467 1178 relliS,
1087 1123 1126 1184 55

300 1206 377 1266 Cum
399 1205 574 1265 moribunda
595 1206 679 1283 niger
700 1206 846 1265 clauderet
866 1226 918 1267 ora
939 1206 1051 1282 liquor:

261 1304 316 1364 ‘Di
337 1306 425 1364 maris
445 1306 556 1382 Aegaei
577 1325 653 1383 quos
674 1316 741 1366 sunt
761 1323 851 1383 penes
872 1324 1009 1383 aequora,
1029 1303 1126 1378 Venti,

299 1403 338 1462 Et
358 1421 561 1481 quaecumque
582 1422 681 1462 meum
703 1404 840 1480 degravat
861 1404 941 1462 unda
961 1413 1057 1481 caput,

258 1500 329 1574 Quo
349 1502 447 1578 rapitis
468 1501 591 1561 miseros
611 1502 722 1579 primae
743 1500 889 1585 lanuginis
910 1503 1024 1562 annos?

298 1601 457 1659 Attulimus
478 1599 581 1676 longas
602 1601 632 1657 in
653 1598 726 1658 freta
746 1610 840 1659 vestra
860 1618 973 1658 manus
1087 1601 1126 1658 60

260 1699 308 1758 Ah
329 1698 417 1757 miser
437 1698 594 1775 alcyonum
615 1697 743 1775 scopulis
764 1698 886 1776 adfligar
906 1699 1015 1758 acutis:

201 1795 205 1802 ’
300 1796 336 1855 In
357 1815 405 1856 me
427 1796 560 1856 caeruleo
582 1795 694 1856 fuscina
715 1806 831 1874 sumpta
852 1797 909 1856 deo
930 1806 983 1855 est.
1053 1785 1055 1790 ’

258 1897 299 1955 At
321 1895 423 1954 saltem
444 1895 544 1953 Italiae
565 1895 732 1972 regionibus
753 1896 857 1955 evehat
877 1906 993 1954 aestus:

299 1995 368 2055 Hoc
389 1995 426 2053 de
447 2010 495 2053 me
517 2004 562 2052 sat
582 1995 636 2053 erit
657 1995 681 2052 si
702 1994 792 2054 modo
813 1995 913 2052 matris
933 1994 1003 2052 erit!

260 2091 407 2153 Subtrahit
427 2092 499 2152 haec
520 2091 630 2151 fantem
650 2102 726 2154 torta
747 2093 885 2170 vertigine
906 2093 1030 2152 fluctus:
1087 2091 1126 2164 65

299 2189 410 2250 Ultima
430 2209 505 2270 quae
527 2163 618 2250 laeto
638 2178 894 2268 voxque'fdiesque
916 2191 976 2250 fuit.

178 2384 298 2432 67—72.
319 2381 340 2430 0
356 2379 474 2430 hundred
487 2380 621 2444 daughters
636 2381 668 2446 os
677 2381 793 2432 Nereus!
811 2381 831 2430 0
852 2380 937 2430 Thetis
953 2379 1017 2429 with
1033 2377 1079 2440 thy

260 2456 374 2508 mother’s
387 2458 476 2508 beart!
492 2459 550 2521 why
560 2459 607 2507 did
615 2474 649 2523 ye
665 2465 708 2508 not
719 2465 770 2523 put
785 2466 830 2508 out
844 2474 861 2506 a
877 2457 950 2506 hand
963 2463 987 2508 to
1002 2455 1079 2506 save?

260 2537 346 2587 Never
354 2535 421 2587 skalt
431 2535 491 2584 thou
502 2552 538 2584 sce
548 2535 600 2585 sail
608 2536 639 2601 cy*
644 2536 719 2596 mim,
730 2535 802 2585 crud
809 2534 924 2600 Aquilo!

260 2650 427 2710 Ocentum
449 2666 610 2724 aequoreae
632 2647 730 2709 Nereo
750 2649 882 2725 genitore
902 2646 1025 2724 puellae,

300 2748 338 2806 Et
359 2758 391 2805 tu
411 2757 544 2806 materno
565 2757 642 2807 tacta
663 2747 765 2808 dolore
782 2747 895 2820 Thetis,

261 2847 324 2942 Vos
346 2846 443 2905 decuit
463 2846 540 2906 lasso
561 2847 726 2924 subponere
747 2846 867 2905 brachia
888 2855 1004 2904 mento:

244 2947 247 2954 “
300 2944 370 3005 Non
391 2954 505 3022 poterat
526 2954 634 3003 vestras
655 2943 701 3003 ille
722 2963 843 3022 gravare
864 2962 981 3003 manus.
1089 2955 1127 3018 70

212 3139 256 3185 55.
274 3135 380 3199 querelis
389 3139 420 3184 0.
495 3140 538 3188 57.
556 3135 636 3185 Diu
668 3136 721 3185 Dii
731 3138 765 3184 0.
842 3139 887 3184 60.
905 3135 990 3198 longas
1001 3133 1044 3184 the
1055 3131 1128 3183 MSS.

179 3207 264 3260 castas,
272 3207 362 3264 puras,
375 3201 444 3261 lotas,
456 3207 553 3250 sanctas
565 3201 627 3251 have
638 3202 699 3250 been
711 3200 773 3264 conj.
804 3202 851 3250 But
863 3200 943 3249 Palm.
955 3199 1064 3249 remarks
1074 3199 1129 3249 that

180 3266 263 3328 length
272 3267 293 3314 is
301 3265 481 3315 characteristic
493 3265 654 3330 ofayouth's
665 3266 750 3315 hands.
801 3270 846 3315 63.
859 3265 966 3315 advehet
976 3266 1030 3315 Per.
1080 3267 1127 3316 66.

179 3334 311 3395 voxqueN
333 3333 524 3394 noxqueOPer.
573 3330 740 3382 68.tactaV²
767 3335 879 3381 tractao
900 3331 989 3396 fracta
1001 3330 1127 3381 Heinsius.
