2574 3818
181 189 221 256 28
440 197 467 250 T
466 196 656 270 IBULLUS,
678 199 718 254 Π.
742 189 783 266 6.,
806 217 886 264 4-η.

302 360 447 439 Aequora,
470 379 539 422 cum
559 361 622 421 telis
642 361 680 420 ad
701 362 777 422 latus
796 364 838 422 ire
859 363 958 422 volet?

260 458 331 532 Ure,
351 479 433 537 puer,
455 480 573 539 quaeso,
594 472 644 520 tua
665 461 716 539 qui
737 461 814 520 ferus
835 462 894 521 otia
915 461 1007 539 liquit,
1111 477 1129 537 5

300 557 398 636 Atque
419 560 523 618 iterum
544 579 679 619 erronem
701 561 755 619 sub
775 571 824 619 tua
846 561 930 638 signa
950 579 1031 620 voca.

261 655 351 729 Quod
371 658 395 716 si
415 658 553 717 militibus
574 669 686 737 parces,
708 660 761 719 erit
781 659 829 720 hic
851 678 968 737 quoque
988 644 1097 728 miles,

302 755 369 832 Ipse
390 755 483 814 levem
503 757 586 833 galea
607 757 657 834 qui
679 757 734 816 sibi
754 768 849 834 portet
870 776 986 835 aquam.

262 851 365 913 Castra
384 865 460 931 peto,
478 855 628 934 valeatque
642 855 745 915 Venus
765 857 937 932 valeantque
958 841 1088 933 puellae:

303 951 342 1012 Et
362 953 433 1011 mihi
454 964 520 1012 sunt
540 955 622 1026 vires,
644 955 765 1014 etmihi
785 955 862 1014 facta
883 957 954 1014 tuba
974 965 1026 1014 est.
1094 973 1131 1013 10

182 1199 385 1251 11—18.How
407 1199 482 1248 breve
504 1215 546 1262 my
562 1198 662 1249 words!
677 1201 722 1249 but
737 1198 793 1250 how
807 1201 886 1265 feeble
909 1201 932 1249 is
951 1216 994 1263 my
1008 1199 1084 1265 feet!

261 1277 314 1338 Ae,
332 1277 403 1330 mul
416 1277 490 1341 Leve,
509 1278 595 1326 would
608 1278 664 1327 tuat
679 1279 725 1341 tlzy
740 1280 822 1344 skasts
837 1294 901 1329 were
917 1279 1014 1339 broken,
1032 1277 1087 1326 and

263 1355 308 1418 thy
319 1355 387 1403 lorch
393 1362 445 1419 put
455 1354 519 1404 out!

264 1475 377 1553 Magna
390 1476 502 1553 loquor,
517 1477 569 1536 sed
583 1477 739 1555 magnifice
751 1478 823 1536 mihi
836 1497 944 1555 magna
958 1477 1057 1538 locuto

305 1573 464 1633 Excutiunt
484 1575 599 1634 clausae
620 1576 704 1636 fortia
723 1579 812 1636 verba
832 1577 918 1637 fores
989 1651 991 1656 Ι

266 1672 361 1731 Iuravi
382 1673 517 1750 quotiens
537 1675 696 1733 rediturum
717 1675 756 1734 ad
775 1675 875 1734 limina
895 1675 1073 1752 numquam!

308 1771 386 1830 Cum
406 1773 481 1830 bene
502 1772 602 1844 iuravi,
623 1791 677 1850 pes
697 1781 797 1832 tamen
818 1773 881 1850 ipse
901 1773 983 1832 redit.

265 1871 344 1930 Acer
363 1870 464 1942 Amor,
479 1870 584 1930 fractas
605 1873 716 1930 utinam
738 1882 788 1930 tua
808 1872 865 1930 tela
885 1871 1011 1948 sagittas
1071 1937 1073 1940 ¹
1097 1886 1133 1945 15

277 1987 280 1996 ¹
307 1970 338 2029 Si
357 1970 433 2042 licet,
454 1971 596 2031 extinctas
617 1971 814 2048 aspiciamque
833 1969 929 2030 faces!

266 2069 315 2127 Tu
336 2071 473 2128 miserum
493 2079 622 2147 torques,
643 2079 674 2129 tu
694 2087 743 2127 me
764 2069 836 2127 mihi
856 2068 918 2127 dira
939 2070 1050 2146 precari

305 2166 405 2244 ,Cogis
427 2179 455 2227 et
474 2168 577 2227 insana
597 2177 695 2227 mente
716 2167 844 2226 nefanda
864 2167 952 2244 loqui.

186 2424 306 2468 10-28.
323 2419 344 2466 I
349 2416 441 2465 should
454 2417 517 2465 have
528 2416 653 2480 perislzeei,
666 2417 710 2465 but
721 2417 791 2480 Hope
802 2415 856 2465 bids
872 2431 910 2464 me
925 2415 990 2464 live:
1007 2415 1085 2479 slope,

266 2496 323 2546 mat
333 2496 419 2558 bm'ngs
429 2495 504 2544 solace
515 2502 539 2544 to
555 2496 596 2544 the
613 2494 795 2555 husbandmen,
808 2501 833 2545 to
848 2495 888 2544 the
897 2494 999 2559 semler,
1011 2500 1035 2542 to
1046 2495 1086 2542 the

266 2575 341 2634 slave,
353 2575 409 2622 still
413 2574 536 2652 ¹promises
545 2579 569 2622 to
581 2589 619 2622 me
630 2588 671 2636 my
682 2573 803 2622 Nemesis.

268 2705 334 2764 Iam
354 2704 434 2763 mala
455 2704 584 2762 finissem
604 2704 670 2775 let0,
693 2704 744 2762 sed
764 2702 882 2762 credula
902 2701 992 2761 vitam

310 2803 384 2882 Spes
405 2804 489 2874 fovet,
511 2812 539 2861 et
560 2802 623 2861 fore
644 2822 707 2861 cras
729 2821 844 2879 semper
866 2802 906 2860 ait
926 2801 1039 2860 melius.
1098 2819 1137 2859 20

270 2903 343 2982 Spes
364 2903 413 2962 alit
434 2902 583 2979 agricolas,
607 2903 681 2978 Spes
702 2903 789 2962 sulcis
811 2903 902 2961 credit
922 2901 1007 2960 aratis

310 3002 437 3072 Semina,
459 3020 533 3079 quae
554 3019 664 3076 magno
684 3001 786 3059 fenore
807 3000 910 3061 reddat
930 3018 1018 3078 ager:

221 3216 248 3261 8.
265 3212 341 3262 levem
351 3215 406 3260 Av
438 3212 596 3262 leviGBae.
645 3214 793 3275 portetAG
820 3206 990 3275 portatVG².
1095 3210 1138 3256 16.

188 3277 319 3391 {gtfflz
364 3277 463 3327 Scilicet
477 3279 510 3327 0.
610 3279 654 3326 20.
671 3277 706 3325 So
723 3280 748 3326 0
765 3283 789 3326 et
801 3277 891 3326 melius
907 3292 963 3324 cras
972 3274 1031 3340 fore
1046 3281 1140 3338 semper
