2568 3834
183 202 225 248 20
350 163 354 170 ’
434 193 650 265 vaurme,
672 199 769 262 11.·1.,
792 197 892 264 61-90.

264 357 344 416 Rure
365 357 453 417 etiam
474 359 577 417 teneris
598 377 699 418 curam
719 359 881 417 exhibitura
900 358 1004 434 puellis

305 455 397 516 Molle
418 449 504 532 geritn
513 467 595 534 tergo
616 457 713 516 lucida
733 458 824 516 vellus
842 458 917 518 ovis

264 554 344 614 Hinc
366 566 395 613 et
415 555 558 614 femineus
578 555 661 614 labor
681 565 734 628 est,
756 554 825 614 hinc
845 573 938 632 pensa
957 553 1107 632 colusque,

304 653 398 714 Fusus
419 665 448 712 et
468 655 600 731 apposito
621 654 725 731 pollice
745 663 840 713 versat
861 671 953 731 opus:

262 752 360 830 Atque
381 753 477 831 aliqua
497 753 612 812 assidue
633 753 738 812 textrix
759 763 879 830 operata
900 751 1065 811 Minervam
1096 755 1134 828 65

255 921 257 927 y
304 850 420 924 Cantat‚
441 862 470 910 et
492 852 634 929 applauso
654 851 712 910 tela
732 861 817 910 sonat
837 851 933 910 latere.

182 1072 301 1119 67-86.
319 1069 388 1117 Here
398 1068 464 1117 Looe
475 1084 528 1116 war
538 1068 618 1117 bom:
634 1067 691 1117 here
698 1067 766 1132 first
777 1068 807 1117 lte
824 1067 884 1116 held
897 1067 937 1116 the
953 1067 1012 1127 bow,
1031 1067 1088 1118 ltere

254 1146 320 1210 first
324 1146 427 1210 pierced
430 1161 520 1210 young
527 1146 582 1194 and
590 1146 637 1194 old.
669 1147 740 1196 Come
751 1146 811 1194 thou
823 1153 860 1195 too
871 1153 894 1194 to
904 1146 1032 1210 (rursm,
1044 1147 1089 1196 but

262 1241 326 1274 come
337 1224 476 1274 unarmed:
493 1240 518 1274 so
528 1224 598 1273 shall
604 1224 644 1272 all
653 1224 751 1274 brcatlrc
761 1223 830 1272 their
839 1239 906 1274 voras
917 1230 941 1273 to
950 1224 1011 1275 thee.

74 1331 90 1377 ‘¹'
190 1325 198 1368 ι
263 1343 331 1421 Ipse
353 1345 485 1421 interque
506 1361 610 1420 greges
631 1344 762 1421 interque
787 1354 918 1402 armenta
940 1342 1055 1420 Cupido

305 1440 401 1501 Natus
421 1452 450 1500 et
471 1443 627 1500 indomitas
648 1442 752 1501 dicitur
773 1443 847 1500 inter
867 1460 965 1518 equas

264 1540 329 1599 Illic
350 1540 469 1599 indocto
489 1541 616 1617 primum
638 1559 669 1599 se
690 1541 818 1600 exercuit
839 1559 928 1599 arcu:

304 1637 340 1696 Ei
355 1639 435 1709 mihi,
449 1658 539 1715 quam
554 1639 655 1698 doctas
670 1658 748 1698 nunc
763 1638 851 1697 habet
865 1639 911 1697 ille
926 1641 1047 1699 manus!
1099 1653 1137 1714 70

265 1736 330 1796 Nec
351 1737 488 1814 pecudes,
510 1737 587 1796 velut
606 1747 682 1807 ante,
704 1738 792 1815 petit:
814 1738 911 1797 fixisse
931 1738 1042 1814 puellas

305 1835 409 1909 Gestit,
432 1849 460 1895 et
481 1835 606 1895 audaces
627 1836 827 1913 perdomuisse
848 1837 933 1895 viros.

265 1921 324 1994 Hic
346 1934 441 1993 iuveni
463 1936 585 1993 detraxit
605 1954 686 2015 opes,
707 1935 754 1994 hic
776 1935 872 1994 dicere
893 1935 975 1993 iussit

305 2032 415 2091 Limen·
430 2034 469 2093 ad
489 2035 577 2092 iratae
597 2034 685 2092 verba
706 2033 845 2110 pudenda
861 2031 984 2092 ‘senemr

265 2132 334 2191 Hoc
356 2132 430 2191 duce
451 2131 586 2191 custodes
606 2131 704 2190 furtim
725 2141 904 2207 transgressa
925 2131 1052 2190 iacentes
1099 2145 1137 2206 75

304 2231 352 2288 Ad
374 2231 508 2290 iuvenem
530 2231 655 2289 tenebris
676 2230 739 2290 sola
759 2231 855 2308 puella
876 2230 959 2301 venit,

264 2328 303 2386 Et
323 2328 445 2404 pedibus
466 2335 658 2406 praetemptat
677 2329 731 2388 iter
751 2347 891 2405 suspensa
912 2329 1022 2401 timore,

305 2426 447 2503 Explorat
469 2445 573 2487 caecas
593 2427 640 2486 cui
661 2446 765 2486 manus
787 2438 853 2487 ante
874 2428 944 2485 vias.

263 2524 291 2581 A
312 2526 418 2596 miseri,
439 2544 516 2602 quos
536 2525 584 2584 hic
605 2527 728 2602 graviter
749 2526 821 2584 deus
841 2527 939 2601 urget!
961 2524 1057 2584 atille

306 2623 398 2694 Felix,
420 2624 466 2682 cui
487 2623 618 2700 placidus
640 2624 741 2684 leniter
762 2624 852 2682 addat
872 2625 974 2683 Amor.
1098 2625 1139 2682 80

266 2719 382 2792 Sancte,
404 2722 469 2780 veni
490 2722 614 2798 dapibus
635 2722 723 2794 festis,
745 2723 797 2782 sed
818 2740 896 2799 pone
917 2723 1035 2797 sagittas

307 2818 345 2877 Et
364 2819 467 2897 procul
488 2819 622 2880 ardentes
642 2821 711 2879 hinc
733 2839 836 2898 precor
857 2820 931 2879 abde
952 2820 1040 2880 faces.
1130 2843 1135 2852 ·

215 3019 261 3064 65.
279 3015 611 3065 asserus...Mimrvamo
640 3015 975 3065 assiduae...Mimmaez
1009 3013 1138 3063 textrixo

182 3081 258 3131 textis
270 3085 299 3130 z.
350 3085 396 3130 66.
414 3082 565 3144 applausoz
599 3082 702 3145 appulso
714 3083 746 3130 0.
797 3085 841 3133 67.
859 3081 915 3143 Ipse
926 3080 1043 3144 interque
1053 3093 1139 3143 greges

184 3149 211 3196 G
253 3147 310 3209 Ipse
321 3162 415 3211 quoque
426 3147 495 3196 inter
505 3149 615 3210 agrosA
659 3148 715 3209 Ipse
726 3162 821 3211 quoque
832 3146 901 3195 inter
908 3161 993 3210 greges
1003 3145 1038 3192 V¹
1082 3145 1138 3208 Ipse

182 3227 255 3274 agros
267 3211 382 3275 interque
389 3227 474 3276 greges
486 3214 522 3260 V²
587 3227 683 3276 quoquc
699 3211 767 3260 inter
778 3217 850 3274 apros
862 3211 947 3261 Klotz.
1024 3214 1069 3264 70.
1086 3209 1140 3258 Hei

184 3279 244 3326 GV.
319 3281 363 3330 72.
378 3285 471 3326 atroces
482 3275 546 3339 conj.
558 3277 616 3327 Bae.
690 3281 734 3330 73.
750 3275 878 3343 opesfflz
910 3283 972 3341 opus
984 3279 1017 3329 0.
1092 3279 1139 3329 78.

183 3341 227 3392 cui
238 3343 262 3390 0
296 3342 358 3392 dum
369 3341 433 3406 conj.
447 3338 545 3407 Heyne.
