2574 3818
165 199 207 280 98
369 208 641 278 PROPERTIUS,
667 215 715 265 lv.
743 220 803 280 11.‚
826 227 907 274 3·²0·

249 372 327 432 Cum
346 361 437 430 semel
457 371 583 430 infernas
604 373 745 431 intrarunt
769 372 872 431 funera
892 353 982 448 leges,

289 470 360 529 Non
380 480 502 529 exorato
523 480 599 528 stant
620 470 778 530 adamante
799 473 871 530 viae.

249 569 296 628 Te
316 561 382 628 licet
403 577 537 626 orantem
558 559 658 628 fuscae
681 569 753 628 deus
776 570 876 628 audiat
898 569 990 639 aulae,
1104 585 1121 644 5

290 667 405 744 Nempe
422 677 490 725 'tuas
511 666 643 726 lacrimas
664 669 748 728 litora
769 669 856 727 surda
877 669 986 729 bibent.

162 809 166 818 .
248 767 327 826 Vota
348 777 466 826 movent
488 785 626 858 superos:
653 769 703 829 ubi
725 763 848 845 portitor
865 788 932 828 aera
953 770 1068 846 recepit,

270 858 415 926 'Obserat
436 867 592 925 umbrosos
614 865 707 926 lurida
728 879 813 945 porta
834 887 931 945 rogos.
1087 855 1089 859 ¹

223 953 224 956 ¹
250 963 298 1024 Sic
320 974 447 1023 maestae
468 965 598 1023 cecinere
620 968 717 1038 tubae,
738 986 806 1026 cum
828 968 944 1026 subdita
963 959 1096 1028 nostium
1193 968 1195 972 ’

290 1062 462 1121 Detraheret
484 1063 560 1122 lecto
581 1062 629 1122 fax
651 1065 771 1124 inimica
792 1076 889 1143 caput.
1033 1123 1035 1142 ἶ
1085 1084 1143 1146 10!

183 1144 201 1176 '³
250 1161 331 1234 Quid
351 1161 423 1218 mihi
444 1162 614 1237 coniugium
636 1162 728 1235 Pauli,
750 1164 821 1242 quid
843 1183 944 1223 currus
965 1155 1085 1222 avorum

291 1249 410 1331 Proluit,
431 1270 482 1318 aut
502 1259 597 1319 famae'
619 1263 744 1339 pignora
765 1273 847 1322 tanta
867 1264 973 1321 meae?

251 1356 333 1428 Num
354 1358 451 1416 minus
471 1359 597 1417 immites
618 1360 718 1418 habuit
741 1360 879 1421 Cornelia
900 1360 1025 1419 Parcas?

256 1481 262 1492 r
291 1457 338 1514 En
360 1474 433 1527 sum,
456 1456 538 1534 quod
560 1456 656 1534 digitis
677 1460 804 1536 quinque
826 1459 946 1536 legatur,
970 1460 1060 1518 onus!

171 1644 294 1697 15-205
308 1647 374 1696 ldie
385 1662 476 1710 young
487 1646 532 1694 but
538 1647 669 1710 guiltIess:
686 1648 743 1697 deal
754 1649 842 1712 gently
852 1647 915 1696 with
933 1663 979 1708 me,
991 1649 1074 1698 Pluto.

253 1716 402 1789 Coeufmle
413 1731 437 1774 to
446 1725 535 1790 judge,
542 1726 672 1790 yejudges
683 1726 715 1790 of
724 1726 765 1775 the
776 1728 868 1776 realms
878 1726 969 1775 below:
986 1726 1019 1774 let
1035 1726 1076 1774 the

252 1803 377 1852 Furiesbe
384 1809 415 1851 at
420 1817 491 1865 your
498 1809 557 1863 seat,
570 1803 603 1851 let
613 1804 734 1867 Sisyphus
744 1805 800 1853 and
808 1804 893 1865 Ixion,
904 1805 938 1852 let
952 1804 1075 1852 Tantalus

148 1942 150 1948 ‚
250 1881 306 1929 and
316 1880 436 1930 Cerberus
446 1881 520 1929 le'sten
531 1896 559 1929 as
570 1881 674 1944 Jplead.

251 1999 417 2057 Damnatae
438 2007 547 2070 noctes,
569 2009 598 2057 et
619 2018 672 2058 vos
693 2000 767 2058 vada
788 1999 867 2058 lenta
887 1999 1016 2075 paludes,
1087 2015 1122 2074 15

188 2101 200 2157 .’
292 2098 330 2155 Et
351 2091 552 2175 quaecumque
573 2115 658 2156 meos
681 2098 808 2175 implicat
830 2097 909 2156 unda
929 2098 1029 2175 pedes,

259 2197 421 2255 Immatura
442 2195 516 2267 licet,
538 2206 636 2254 tamen
658 2195 715 2255 huc
736 2215 798 2255 non
819 2197 909 2254 noxia
930 2196 1012 2255 veni:

292 2295 352 2353 Det
373 2293 458 2352 Pater
477 2293 524 2351 hic
544 2295 666 2351 umbrae
688 2294 790 2353 mollia
811 2293 874 2351 iura
894 2312 987 2353 meae.

252 2394 321 2464 Aut,
343 2392 367 2450 si
388 2391 453 2466 quis
474 2391 568 2467 posita
589 2391 676 2449 iudex
699 2392 781 2450 sedet
801 2393 919 2450 Aeacus
940 2411 1021 2464 urna,

293 2491 329 2549 In
350 2508 417 2548 mea
438 2490 537 2548 sortita
558 2489 683 2548 vindicet
706 2509 773 2549 ossa
794 2491 870 2567 pila;
1087 2510 1124 2550 20

204 2705 231 2749 8.
242 2699 351 2748 herbosos
362 2701 416 2746 M*
428 2698 513 2748 Hertz.
525 2697 603 2762 Paley
639 2698 765 2747 umbrosos
773 2703 827 2746 DV
834 2697 940 2758 Palmer,
951 2699 1008 2748 Bae.
1018 2699 1126 2748 Mueller

172 2781 239 2830 rogos
256 2768 320 2813 ΝΟ·
355 2765 415 2813 locos
432 2764 489 2812 Bae.
508 2765 571 2812 after
588 2763 730 2820 Markland,
741 2765 799 2813 who
817 2763 887 2813 reads
900 2765 1025 2813 umbrosos
1038 2764 1125 2813 lueida

171 2834 255 2880 Parca
267 2831 333 2879 locos.
367 2829 467 2877 Palmer
481 2837 593 2893 suggests
613 2829 715 2878 Obserat
730 2830 856 2878 umbrosas
867 2830 955 2878 Iurida
962 2836 1037 2893 porto
1046 2829 1124 2894 sores.

173 2898 220 2945 But
240 2896 296 2959 why
315 2894 407 2945 should
426 2895 469 2943 the
478 2895 548 2958 fores
567 2896 598 2945 be
618 2894 700 2943 called
719 2894 870 2944 umbrosae?
919 2895 1039 2944 Heinsius
1061 2895 1124 2958 conj.

171 2963 258 3011 domos.
371 2965 398 3010 9.
421 2961 464 3008 Sic
476 2962 530 3008 ΝΟ
591 2961 626 3011 Ut
646 2961 703 3008 Bae.
715 2961 775 3008 with
787 2976 885 3009 comma
897 2960 959 3009 after
969 2967 1044 3025 caput
1054 2960 1072 3008 l.
1088 2973 1126 3010 10.
1182 3015 1186 3024 ι

160 3032 212 3077 ,13.
236 3027 309 3076 Num
327 3031 352 3074 Ε·
368 3026 452 3075 Hertz.
469 3033 515 3075 etc.
589 3027 649 3074 Non
662 3029 716 3074 ΝΒ
765 3026 855 3074 habuit
869 3029 922 3074 No
938 3026 993 3074 edd.
1047 3025 1128 3074 habui

172 3092 216 3141 old
227 3091 282 3141 edd.
297 3093 353 3140 Bae.
433 3095 474 3140 14.
489 3092 534 3140 En
547 3094 567 3139 z
581 3091 665 3140 Hertz.
679 3099 724 3140 etc.
759 3092 797 3138 Et
808 3094 861 3139 ΝΟ
874 3091 925 3139 Per.
960 3092 1062 3155 legatur
1071 3094 1124 3140 ΝΟ

172 3159 273 3208 levatur
284 3161 305 3204 z
317 3157 401 3206 Hertz.
413 3157 472 3206 Bae.
483 3157 530 3207 eie.
597 3161 637 3209 17.
655 3156 711 3206 The
722 3156 774 3205 leaf
783 3155 811 3204 of
817 3159 845 3204 Ν
855 3156 997 3220 containing
1006 3157 1033 3206 ll.
1046 3155 1128 3222 17-76

172 3224 217 3271 has
236 3222 365 3273 beenlost.
442 3227 484 3272 18.
503 3223 678 3272 DetPaterO
691 3222 746 3270 edd.
770 3222 895 3285 Deprecor
906 3223 963 3272 Bae.
1032 3222 1131 3270 huicz.

173 3287 232 3335 hinc
244 3288 287 3336 old
298 3287 353 3336 edd.
425 3293 467 3336 19.
485 3289 576 3337 Aueo
610 3289 716 3336 AtBae.
793 3290 837 3336 20.
854 3288 888 3335 In
901 3290 924 3336 0
966 3288 994 3336 Is
1005 3287 1131 3337 Heinsius·

172 3352 282 3402 vindicet
292 3355 316 3400 Ε
363 3352 455 3402 iudicet
465 3356 518 3399 DV
561 3353 653 3402 indicet
663 3354 716 3402 Per.
