2574 3818
153 200 193 264 88
365 211 639 280 PROPERTIUS‚
662 218 712 268 1v.
735 224 776 284 4.‚
803 219 882 272 1-18.

575 503 634 567 IV.
650 522 681 577 4.

194 639 311 700 1-24]
328 637 387 686 will
411 638 457 686 tell
475 638 515 687 the
537 639 586 688 tale
608 635 640 702 os
658 637 766 703 Tarpeia
782 619 842 705 “md
860 639 902 688 tlte
927 639 1055 704 Tarpeian

234 715 298 764 rock.

235 825 397 902 Tarpeium
417 843 521 884 nemus
542 835 571 884 et
592 824 737 902 Tarpeiae
757 835 841 903 turpe
862 825 1029 904 sepulcrum

275 924 373 983 Fabor
394 934 422 982 et
442 919 553 1001 antiqui
575 923 675 982 limina
696 933 783 1002 capta
805 925 892 985 Iovis.

169 1100 270 1142 3-18.
286 1093 366 1140 Hara'
380 1089 410 1155 by
425 1108 442 1140 a
449 1092 584 1156 feuntain,
596 1091 660 1141 dark
676 1092 740 1141 wita
757 1108 813 1142 cave
828 1091 883 1141 and
896 1092 970 1153 τυοοιί,
983 1093 1060 1157 King

238 1171 328 1220 Tatius
339 1172 381 1233 lay
391 1170 540 1234 emamped;
556 1170 702 1219 heredrank
719 1170 760 1220 tte
776 1171 865 1229 barses,
875 1171 933 1220 ltere
947 1172 1058 1235 Tarpeia

224 1249 303 1314 filled
311 1248 507 1312 kerpitcltcrfor
526 1245 622 1297 Vesta’s
631 1247 745 1334 service„

236 1358 334 1417 Lucus
357 1366 418 1415 erat
438 1356 506 1414 felix
528 1355 673 1415 hederoso
695 1357 823 1416 consitus
845 1367 942 1439 antr0,v

277 1455 431 1530 Multaque
452 1453 555 1512 nativis
576 1455 718 1530 obstrepit
739 1455 825 1514 arbor
846 1456 948 1532 aquis:

238 1555 346 1614 Silvani
366 1570 481 1612 ramosa
502 1552 616 1623 domne,
639 1571 699 1629 quo
721 1551 814 1612 dulcis
834 1555 873 1612 ab
895 1564 977 1612 aestu
1089 1569 1106 1628 5

278 1651 387 1711 Fistula
407 1661 528 1727 poturas
549 1650 590 1710 ire
610 1651 728 1709 iubebat
750 1670 828 1711 oves.

239 1751 329 1810 Hune
352 1750 455 1809 Tatius
475 1749 588 1808 fontem
608 1749 685 1808 vallo
706 1751 868 1827 praecingit
889 1769 1005 1822 acerno,

279 1850 409 1926 Fidaque
431 1857 571 1925 suggesta
592 1858 688 1907 eastra
709 1859 831 1908 coronat
852 1848 952 1908 humo.

240 1949 321 2022 Quid
341 1959 404 2007 turn
426 1947 525 2006 Roma
545 1947 607 2018 fuit,
628 1946 746 2006 tubicen
767 1947 863 2005 vicina
885 1947 998 2006 Curetis

283 2049 359 2108 Cum
381 2054 513 2123 quateret
533 2045 613 2104 lento
634 2063 783 2103 murmure
806 2064 877 2104 saxa
898 2045 997 2105 Iovis?
1073 2065 1109 2103 10

239 2149 338 2226 Atque
359 2147 410 2204 ubi
431 2163 511 2204 nunc
532 2145 614 2202 terris
636 2143 772 2202 dicuntur
793 2143 855 2202 iura
877 2145 1014 2214 subactis

284 2248 406 2305 Stabant
427 2245 566 2303 Romano
587 2242 647 2320 pila
670 2241 779 2302 Sabina
800 2242 872 2301 foro.

242 2345 347 2404 Murus
368 2353 449 2402 erant
470 2351 605 2401 montes:
634 2340 685 2398 ubi
705 2358 785 2398 nunc
807 2350 851 2400 est
872 2340 952 2400 curia
973 2351 1083 2418 saepta,

281 2443 408 2501 Bellicus
429 2459 466 2499 ex
487 2440 538 2499 illo
559 2439 641 2498 ionte
662 2438 779 2497 bibebat
800 2456 902 2515 equus.

242 2543 321 2600 Hinc
342 2539 471 2616 Tarpeia
492 2539 564 2597 deae
585 2538 698 2596 fontem
719 2537 833 2595 libavit:
862 2536 953 2596 atilli
1075 2555 1110 2614 15

194 2673 196 2679 ι
282 2638 415 2714 Urgebat
435 2635 567 2694 inedium
588 2635 682 2694 fictilis
703 2653 776 2692 urna
798 2645 895 2712 caput.

242 2740 281 2798 Et
302 2739 369 2796 satis
390 2753 450 2793 una
470 2734 567 2794 malae
587 2735 682 2812 potuit
702 2752 784 2792 mors
806 2752 870 2793 esse
891 2732 1015 2811 puellae,

285 2837 371 2908 Quae
391 2834 482 2893 voluit
503 2833 637 2892 flammas
659 2832 765 2902 fallere,
786 2831 888 2904 Vesta,
909 2831 997 2892 tuas?

195 3027 218 3069 1.
235 3020 343 3084 tarpelae
354 3021 390 3068 Ν,
472 3019 549 3066 3-14.
566 3017 624 3066 Bae.
636 3024 776 3080 transposes
787 3017 857 3064 these
867 3014 931 3062 lines
942 3012 1014 3068 thns;
1033 3023 1114 3078 7-10;

166 3101 265 3148 13,14;
285 3097 384 3144 11,1a;
403 3083 459 3146 3-6.
515 3087 540 3132 3.
557 3082 671 3130 conditus
683 3085 737 3130 ΝΟ
758 3081 868 3131 consitus
879 3085 900 3128 Ζ
924 3093 1043 3128 concavus
1057 3079 1115 3128 Bae.

163 3159 188 3206 7.
199 3152 298 3216 J‘ontem
318 3153 342 3199 0
393 3155 499 3198 montem
519 3146 646 3208 Heinsius,
667 3147 725 3196 Bae.
841 3151 868 3197 9.
888 3146 989 3195 Curitis
1006 3145 1114 3206 (=Qui-

164 3218 234 3277 ritis)
253 3217 311 3265 Bae.
416 3218 458 3266 12.
467 3215 528 3278 soro
545 3212 607 3261 ΡΨ
641 3213 773 3277 fhcoNO.
872 3215 914 3261 15.
931 3211 1003 3259 Hinc
1018 3213 1042 3259 Ο
1076 3209 1116 3258 hic

165 3288 186 3331 Ζ
206 3284 263 3330 Bae.
304 3282 401 3345 tarpela
417 3283 453 3330 tt.
541 3284 582 3332 17.
600 3294 653 3326 una
671 3278 713 3328 the
730 3277 802 3328 MSS.
845 3274 1014 3326 urnaLach¹.
1028 3275 1115 3326 Hertz.

164 3348 251 3397 Lach¹.
262 3347 334 3395 reads
345 3347 392 3405 Ei,
403 3344 497 3394 scelus!
514 3359 590 3393 urna.
