2568 3834
431 197 649 268 maurum,
673 203 698 257 1.
713 209 867 274 3·‚s⁵·⁵2·
1104 208 1121 273 7
1206 179 1208 186 ’

170 416 291 462 35-50.
308 410 375 461 How
389 409 449 458 well
460 409 483 458 it
493 425 546 458 was
556 410 629 458 when
645 411 744 459 Salam
761 411 836 460 ruled
849 427 881 460 on
898 411 986 460 carth:
1002 409 1075 459 when

255 504 312 537 men
328 487 400 537 kmw
416 503 465 536 nor
480 477 549 552 ships
565 503 614 537 nor
629 503 737 553 voyages,
755 506 803 538 nor
817 489 903 538 savard
917 505 967 538 nor
981 488 1075 546 battle;

253 566 326 616 when
343 581 395 614 was
411 581 443 614 no
465 565 518 615 evil
529 566 579 631 for
596 581 657 614 man
677 582 726 616 nor
740 567 823 624 bcast;
845 582 878 615 no
900 567 993 632 burred
1008 566 1074 622 door,

253 660 286 698 no
300 643 482 693 stone-marked
494 643 622 707 bamdary
629 660 641 704 ;
657 644 730 693 when
741 645 799 694 oaks
808 645 917 708 dropped
924 644 1010 707 homy,
1023 644 1076 692 and

244 722 325 786 stocks
335 722 441 786 brought
442 721 506 786 full
514 722 605 772 udders
615 723 685 772 home
695 723 827 772 untended.

254 848 354 923 Quam
374 851 449 908 bene
471 847 597 908 Saturno
618 849 752 908 vivebant
766 841 848 924 rege,
870 848 950 926 prius
971 866 1060 926 quam
1085 863 1124 924 35

294 947 396 1006 Tellus
417 948 448 1006 in
469 947 573 1023 longas
593 957 638 1007 est
659 946 803 1028 patefacta
823 946 905 1006 viasi

254 1044 398 1104 Nondum
419 1045 566 1105 caeruleas
587 1047 673 1123 pinus
695 1055 910 1122 contempserat
930 1045 1033 1117 undaS,

294 1143 430 1203 Effusum
450 1145 544 1203 ventis
565 1145 794 1221 praebueratque
815 1143 912 1202 sinum
922 1161 931 1216 ;

254 1241 319 1303 Nec
340 1260 432 1320 vagus
453 1241 560 1318 ignotis
580 1251 716 1318 repetens
738 1242 913 1318 compendia
933 1241 1015 1301 terris

296 1341 442 1400 Presserat
462 1350 583 1399 externa
604 1342 700 1399 navita
720 1359 819 1399 merce
839 1351 940 1400 ratem.
1086 1361 1125 1414 40

255 1441 311 1501 Iilo
332 1459 393 1500 non
414 1440 525 1500 validus
546 1440 634 1499 subiit
655 1441 725 1516 iuga
745 1450 877 1517 tempore
899 1451 1006 1510 taurus,

296 1538 368 1598 Non
389 1538 501 1598 domito
522 1537 619 1598 frenos
640 1557 691 1598 ore
712 1539 871 1598 momordit
891 1557 1002 1617 equus;

217 1659 236 1668 ·
256 1637 328 1697 Non
349 1637 455 1697 domus
475 1637 535 1696 ulla
554 1637 632 1697 sores
648 1636 762 1712 habuit,
774 1656 845 1697 -non
865 1638 940 1696 fixus
960 1638 991 1696 in
1012 1637 1098 1714 agris,

297 1736 357 1811 Qui
377 1746 489 1812 regeret
510 1738 595 1797 certis
616 1737 723 1797 finibus
745 1755 821 1807 arva,
843 1737 925 1813 lapis.

256 1835 342 1914 Ipsae
362 1834 449 1894 mella
470 1834 579 1896 dabant
600 1853 733 1913 quercus
755 1835 890 1914 ultroque
910 1835 1041 1895 ferebant
1087 1849 1125 1909 45

298 1933 392 1993 Obvia
412 1933 521 1993 securis
542 1934 632 1992 ubera
652 1933 734 1993 lactis
754 1951 832 1994 oves.

257 2031 327 2091 Non
348 2033 434 2106 acies,
456 2050 517 2090 non
537 2032 579 2091 ira
599 2031 659 2106 fuit,
681 2050 743 2091 non
763 2032 847 2098 bella,
868 2049 925 2090 nec
946 2049 1047 2090 ensem

296 2132 406 2214 Immjti
426 2149 530 2191 saevus
551 2131 675 2190 duxerat
695 2139 755 2189 arte
775 2128 865 2188 faber.
913 2121 966 2179 '‘u“
981 2113 984 2123 ’
1001 2153 1024 2166 .„
1046 2130 1049 2140 “

257 2230 344 2290 Nunc
365 2230 435 2289 Iove
457 2232 512 2289 sub
533 2230 655 2289 domino
677 2228 829 2289 caedeset
846 2227 965 2286 vulnera
985 2245 1110 2304 semper,

297 2329 385 2389 Nunc
407 2348 497 2398 mare,
518 2346 597 2387 nunc
618 2327 667 2386 leti
687 2327 766 2386 mille
787 2336 907 2404 repente
928 2326 1000 2384 viae.
1088 2342 1127 2400 50

175 2576 295 2621 ⁵1-50.
315 2570 337 2620 0
352 2576 425 2634 spart
441 2584 486 2628 me,
498 2567 595 2620 Fatlrer.
602 2567 688 2634 Jove!
696 2568 745 2633 for
758 2569 774 2617 l
789 2583 831 2616 am
843 2573 929 2631 pum
945 2566 989 2615 but
1003 2565 1033 2631 if
1037 2580 1079 2628 my

256 2647 316 2711 days
332 2663 376 2696 are
398 2663 459 2706 mn,
482 2662 541 2709 may
562 2654 662 2696 arione
682 2647 708 2697 be
723 2653 760 2697 set
778 2653 802 2695 to
822 2646 868 2695 tell
881 2645 937 2695 hotv
963 2644 1079 2695 Tibullus

255 2725 318 2783 died.
329 2726 384 2776 how
393 2740 458 2786 soon,
470 2724 526 2774 how
535 2724 614 2788 sadly.

256 2863 356 2936 Parce,
377 2872 469 2940 pater,
490 2862 625 2922 timidum
645 2880 706 2922 non
727 2880 776 2920 me
797 2861 921 2939 periuria
941 2870 1056 2934 terreut,

297 2961 369 3021 Non
390 2962 468 3021 dicta
488 2961 519 3019 in
540 2970 657 3020 sanctos
677 2961 767 3037 impia
787 2959 874 3019 verba
896 2959 976 3020 deos.
1045 3003 1053 3020 2

209 3211 253 3262 ³⁷.
269 3213 445 3271 contempserat
462 3208 485 3255 0
530 3206 700 3256 trancenderat
716 3205 751 3256 (4²
768 3207 827 3254 Bae.
894 3208 938 3258 47.
947 3203 1056 3269 facinus
1068 3203 1127 3253 Bae.

176 3274 257 3390 {52²3
266 3275 400 3404 {uryrxnm
439 3283 446 3294 ’
471 3275 516 3322 50.
533 3279 630 3338 repente
642 3271 705 3322 (ΝἼ
738 3277 830 3336 reperte
841 3269 904 3319 Av¹
938 3271 1020 3320 multa
1031 3275 1128 3333 reperta
