2574 3818
144 189 196 308 54¹
351 223 625 303 PROPERTIUS,
648 237 687 289 11.
715 241 774 307 13„
797 236 894 301 41-58.

227 398 341 455 Interea
362 415 431 456 cave
453 397 492 455 sis
514 415 569 456 nos
590 406 743 474 aspernata
764 395 910 473 sepultos:
989 379 990 384 ἵ

267 493 338 554 Non
358 494 430 553 nihil
450 495 489 554 ad
509 513 608 554 verum
629 495 747 554 conscia
766 504 841 554 terra
862 495 945 570 sapit.

143 711 265 756 43-50.
282 704 345 754 Alc!
360 704 419 768 why
430 705 476 753 did
487 706 507 753 I
516 704 565 753 live
580 702 673 766 beyond
686 703 727 753 tlce
743 702 844 752 crodle?
882 703 947 766 Μ]
958 702 1008 753 live
1024 709 1048 752 to

225 784 327 834 iremblc
330 783 380 848 sor
385 783 465 842 death,
475 799 511 842 or,
521 782 571 832 like
579 783 678 844 Nestor,
687 789 710 830 to
721 782 787 831 decm
798 780 821 830 it
830 782 880 830 late
891 783 920 830 in
932 781 1048 846 coming?

225 903 322 977 Atque
342 901 454 959 utinam
474 900 575 978 primis
596 901 725 960 animam
745 917 794 958 me
814 919 923 977 ponere
943 901 1026 960 cunis

195 1027 203 1057 s
243 1009 244 1014 ’
266 1001 399 1060 Iussisset
420 1002 538 1078 quaevis
559 1000 596 1059 de
617 1001 708 1058 tribus
729 1017 788 1058 una
809 1002 910 1058 soror!

207 1100 305 1158 ·Nam
327 1118 387 1176 quo
408 1111 470 1158 tam
491 1099 598 1158 dubiae
618 1108 747 1157 servetur
768 1099 883 1175 spiritus
904 1097 1013 1158 horae?
1056 1117 1095 1176 45

266 1197 399 1257 Nestoris
419 1208 463 1257 est
484 1199 560 1256 visus
582 1207 650 1274 post
670 1197 724 1254 tria
744 1196 839 1256 saecla
859 1196 939 1256 cinis

227 1296 283 1356 Cui
303 1296 409 1355 sitam
428 1285 535 1372 longae
556 1296 705 1354 minuisset
726 1293 785 1354 sata
806 1304 940 1354 senectae

267 1394 396 1454 Gallicus
417 1393 514 1453 Iliacis
535 1393 626 1453 miles·
638 1395 670 1452 in
690 1395 854 1471 aggeribus

225 1493 297 1552 Non
317 1493 364 1552 ille
385 1492 534 1552 Antilochi
554 1493 670 1552 vidisset
690 1485 796 1570 corpus
810 1493 940 1566 humari,

265 1590 382 1651 Diceret
404 1602 470 1651 aut:
491 1590 538 1651 ‘O
560 1610 647 1664 mors,
669 1608 721 1651 cur
741 1592 812 1650 mihi
834 1609 899 1651 sera
918 1590 1033 1651 venisi'
1057 1607 1096 1666 50

135 1809 265 1853 ot-oa.
289 1803 332 1851 Yet
341 1801 399 1851 wilt
408 1802 468 1851 tlou
479 1801 595 1866 wcepfor
602 1818 648 1862 me,
658 1819 686 1851 as
701 1803 782 1852 Venus
793 1803 961 1866 wcptAa'onis
967 1815 980 1863 ,·
995 1802 1050 1851 and

226 1880 318 1944 tlcouglc
337 1880 377 1929 all
393 1881 423 1929 iu
441 1880 513 1940 vain,
533 1880 593 1929 tlcou
611 1879 669 1929 wilt
685 1881 737 1931 coll
752 1896 784 1930 ou
804 1895 846 1943 my
861 1881 939 1945 spirit
949 1882 995 1946 sor
1012 1896 1047 1938 on

226 1974 334 2008 onmoer.

225 2064 275 2123 Tu
295 2074 394 2122 tamen
415 2065 524 2122 amisso
546 2081 608 2122 non
629 2080 792 2139 numquam
812 2062 896 2122 flebis
917 2063 1032 2124 amico:

175 2218 177 2224 ,
265 2161 322 2223 Fas
344 2173 387 2223 est
407 2163 575 2240 praeteritos
596 2180 711 2239 semper
732 2180 830 2221 amare
847 2163 932 2224 viros.

225 2262 331 2334 Testis,
357 2262 408 2339 qui
429 2262 546 2320 niveum
567 2261 718 2338 quondam
740 2261 879 2339 percussit
899 2260 1037 2321 Adonem

266 2358 432 2418 Venantem
453 2359 546 2419 Idalio
567 2360 671 2418 vertice
692 2359 780 2419 durus
801 2378 880 2436 aper.

225 2457 284 2515 Illis
305 2457 467 2516 formosum
488 2457 590 2516 lavisse
610 2457 774 2534 paludibus,
796 2458 863 2517 illuc
1057 2475 1094 2534 55

258 2554 377 2622 ,Diceris
397 2556 490 2616 effusa
510 2566 541 2614 tu
562 2555 664 2614 Venus
684 2556 740 2615 isse
761 2575 857 2619 coma.

175 2720 220 2766 45.
237 2720 404 2766 scoamturl'
437 2725 558 2766 servatur
567 2717 623 2766 Ital.
712 2715 914 2766 46.oi'sus1t1¹
947 2717 1032 2766 iussus
1043 2721 1096 2766 DV

142 2783 201 2833 Bae.
212 2790 325 2846 suggests
335 2789 409 2831 custus
419 2799 448 2832 or
457 2789 542 2831 tostus.
608 2787 653 2836 47.
674 2783 738 2844 Quis
750 2789 802 2830 tom
813 2784 944 2846 longaevae
956 2786 1010 2832 ΝΟ
1046 2783 1099 2832 Cui

141 2855 194 2897 tam
213 2849 345 2913 longaevae
368 2848 453 2897 Hertz.
489 2849 547 2898 Bae.
568 2848 631 2911 conj.
658 2848 725 2910 Quoi
745 2855 841 2896 stamen
862 2849 947 2912 longae
966 2849 1096 2898 renuisset.

142 2914 255 2964 Another
266 2913 329 2975 conj.
342 2915 364 2963 is
378 2914 526 2963 Cuisilom
538 2914 630 2977 longao.
668 2913 801 2962 minuisset
811 2912 913 2962 ttu²v⁹
946 2914 1099 2963 meminisset

141 2982 195 3028 DV
228 2980 399 3028 iuravisselI'
443 2982 571 3028 ourulsset
580 2980 635 3030 Per.
713 2982 759 3028 48.
780 2979 892 3028 Gallicus
909 2979 997 3028 OPer.
1011 2978 1095 3028 Hertz.

143 3045 267 3104 Callidus,
278 3046 391 3094 Bellicus
401 3044 523 3108 (adopted
536 3045 569 3107 by
579 3045 680 3106 Palm),
693 3044 808 3100 Saucius,
823 3045 932 3105 Troicus,
945 3044 1020 3102 Ilius,
1036 3045 1096 3094 Cae-

141 3111 216 3158 rulus
227 3109 290 3159 have
301 3110 336 3158 all
347 3111 410 3160 been
426 3108 488 3173 conj.
567 3114 613 3158 49.
632 3111 675 3158 ille
685 3111 707 3158 is
719 3126 768 3158 orn.
780 3111 807 3158 in
819 3113 856 3158 lt.
933 3113 978 3160 50.
997 3110 1097 3159 autffle

140 3175 229 3226 MSS.:
247 3176 306 3224 Bae.
318 3176 382 3239 conj.
395 3176 468 3225 uude
520 3179 564 3224 53.
582 3175 630 3240 qui
636 3179 690 3225 No
725 3176 769 3224 cm·
779 3175 908 3235 Huschke,
918 3175 1002 3226 Hertz.
1037 3175 1098 3239 quoi

140 3241 199 3290 Bae.
244 3241 358 3290 Adonem
370 3244 423 3290 ΝΟ
468 3241 580 3291 Adonim
593 3245 622 3289 z.
707 3245 751 3290 55.
769 3241 857 3290 illita
870 3243 928 3291 Bae.
973 3241 1095 3290 lovcssez

140 3306 252 3369 Scaliger
268 3305 346 3367 (from
363 3307 430 3369 Per.)
448 3306 527 3356 Palm.
545 3306 604 3355 who
620 3314 697 3357 states
714 3306 750 3355 H.
768 3307 801 3356 A.
817 3306 841 3372 J.
858 3307 950 3356 Munro
966 3307 1096 3372 approved

139 3372 314 3422 tacuisscNO
327 3372 413 3421 Hertz.
480 3375 526 3421 56.
544 3376 635 3422 esseE'.
