2574 3818
409 228 623 297 TJBULLUS,
646 235 686 286 11.
710 221 750 297 6.,
773 247 870 298 23-42.
918 273 920 282 .
1071 238 1111 302 29
1169 307 1170 312 Ἰ

244 410 330 472 Haec
350 411 457 488 laqueo
477 410 617 485 volucres,
630 409 703 469 haec
724 421 823 488 captat
843 411 985 471 arundine

365 528 469 587 prsces,

285 608 364 667 Cum
385 619 486 667 tenues
506 607 611 667 hamos
631 608 744 666 abdidit
764 617 831 667 ante
852 609 953 666 cibus:

245 707 318 785 Spes
339 709 427 766 etiam
448 707 543 766 valida
564 707 673 767 solatur
694 708 838 784 compede
860 708 1006 768 vinctum:
1075 722 1112 782 25
1209 751 1213 760 .

286 807 379 865 Crura
400 816 508 867 sonant
528 806 613 879 ferro,
634 807 687 865 sed
707 807 786 865 canit
806 807 880 866 inter
900 825 983 884 opus.
1060 833 1066 847 r

245 903 318 982 Spes
340 905 454 964 facilem
474 905 626 965 Nemesim
641 906 767 982 spondet
781 906 860 978 mihi,
876 906 928 964 sed
944 915 1032 983 negat
1049 905 1097 965 illa

285 1005 323 1062 Ei
344 1005 425 1076 mihi,
446 1023 485 1064 ne
505 1005 612 1077 vincas,
635 1005 707 1084 dura
728 1006 833 1083 puella,
855 1006 949 1065 deam.

163 1242 283 1286 20-42.
300 1237 344 1286 Aa
366 1244 438 1301 spara
461 1253 507 1298 me,
529 1237 660 1286 Nemesis!
687 1237 730 1299 By
751 1236 796 1299 thy
817 1237 879 1286 dcar
899 1236 974 1285 sister
993 1237 1063 1299 dead,

244 1315 322 1363 whose
326 1331 406 1378 grave
414 1317 435 1364 I
439 1316 505 1375 tend,
514 1315 570 1364 who
576 1315 664 1379 pleads
675 1330 718 1377 my
727 1331 807 1376 cause,
816 1315 872 1362 and
879 1315 935 1363 wlto
945 1315 1069 1380 standing
1148 1357 1152 1368 .

243 1409 301 1442 over
313 1393 373 1453 thee,
386 1395 425 1442 all
440 1392 616 1443 blood-stainei!
624 1409 653 1441 as
662 1393 704 1442 she
707 1393 766 1456 fell,
778 1393 837 1442 will
846 1393 919 1442 break
929 1393 975 1455 thy
985 1393 1048 1458 slccp
1056 1407 1065 1442 :

245 1471 271 1520 bc
282 1471 350 1520 hard
357 1478 382 1520 to
393 1488 431 1521 me
442 1487 474 1520 no
489 1487 563 1521 more.
596 1471 707 1535 Enougll
716 1486 725 1520 .·
742 1478 785 1520 not
796 1472 865 1521 mine
881 1477 905 1520 to
919 1471 997 1534 bring
1010 1478 1067 1521 tear

245 1551 381 1600 intotlzine
391 1566 440 1613 cyc.

244 1667 343 1739 Parce,
366 1686 418 1744 per
438 1667 594 1726 immatura
614 1677 680 1726 tuae
701 1687 805 1745 precor
826 1687 894 1728 ossa
915 1669 1041 1728 sororis:

286 1765 333 1824 Sic
354 1767 430 1824 bene
451 1767 506 1824 sub
527 1777 626 1826 tenera
647 1785 735 1842 parva
753 1767 885 1844 quiescat
906 1768 1006 1826 humo.
1073 1787 1113 1844 30

244 1863 297 1923 llla
317 1864 389 1921 mihi
410 1875 512 1923 sancta
532 1874 583 1935 est,
604 1853 679 1924 illius
701 1866 780 1924 dona
801 1865 935 1942 sepulcro

282 1962 321 2021 Et
342 1962 504 2021 madefacta
523 1963 597 2022 meis
618 1974 694 2022 serta
714 1964 805 2022 feram
825 1964 958 2036 lacrimis,

243 2061 322 2121 Illius
344 2062 382 2120 ad
402 2061 547 2120 tumulum
568 2061 687 2138 fugiam,
710 2062 892 2139 supplexque
913 2061 1031 2136 sedeb0‚

282 2160 321 2219 Et
341 2178 408 2220 mea
429 2178 498 2219 cum
519 2171 601 2219 muto
622 2160 681 2219 lata
702 2179 805 2238 querar
826 2161 930 2219 cinere.

243 2258 312 2318 Non
326 2259 398 2318 feret
411 2278 505 2337 usque
519 2277 605 2342 suum
620 2269 648 2318 te
664 2269 782 2336 propter
796 2259 864 2318 flere
879 2258 1030 2320 clientem:
1073 2276 1111 2336 35

282 2359 362 2417 Illius
382 2369 414 2417 ut
435 2359 537 2432 verbis,
559 2360 599 2418 sis
620 2359 691 2416 mihi
712 2360 789 2426 lenta
810 2369 885 2430 vet0‚

242 2455 288 2516 Ne
309 2458 361 2516 tibi
383 2457 507 2535 neglecti
528 2458 644 2516 mittant
664 2457 741 2516 mala
762 2458 877 2517 somnia
898 2455 1012 2530 Manes,

283 2554 457 2633 Maestaque
479 2557 592 2634 sopitae
614 2565 669 2614 stet
690 2574 773 2615 soror
793 2567 860 2615 ante
881 2566 986 2628 torum,

242 2653 345 2726 Qualis
367 2656 404 2713 ab
425 2656 540 2714 excelsa
560 2673 700 2732 praeceps
722 2654 839 2731 delapsa
863 2654 990 2712 fenestra

282 2752 371 2812 Venit
391 2753 431 2812 ad
451 2753 580 2812 infernos
602 2752 825 2828 sanguinolenta
845 2753 934 2812 lacus.
1071 2771 1111 2825 40

236 2841 361 2922 Desino,
383 2871 420 2911 ne
442 2851 577 2911 dominae
599 2851 695 2910 luctus
716 2861 889 2908 renoventur
909 2850 1024 2910 acerbi:

282 2950 354 3010 Non
375 2969 432 3028 cgo
454 2969 519 3010 sum
540 2951 619 3022 tanti,
641 2951 736 3026 ploret
757 2959 789 3007 ut
809 2949 858 3008 illa
879 2949 976 3010 semel.

115 3187 119 3198 χ
160 3187 164 3196 .
191 3153 235 3208 23,
251 3153 296 3200 24.
320 3151 410 3215 Heyne
432 3129 481 3199 and
504 3149 605 3199 Fischer
622 3149 734 3212 (Quaest.
752 3148 839 3212 Prop.)
863 3147 935 3196 think
957 3147 1026 3196 these
1048 3148 1111 3197 lines

157 3232 321 3333 {puqqqqum
332 3219 437 3334 mil&
453 3217 551 3266 Heio.
676 3217 720 3264 32.
730 3214 819 3277 feram
832 3212 894 3262 (Ψ
934 3212 1028 3277 serant
1038 3213 1111 3264 ΔΨ.
1190 3217 1202 3234 “
