<?xml version="1.0" encoding="UTF-8"?>
<!DOCTYPE html PUBLIC "-//W3C//DTD XHTML 1.0 Transitional//EN"
    "http://www.w3.org/TR/xhtml1/DTD/xhtml1-transitional.dtd">
<html xmlns="http://www.w3.org/1999/xhtml" xml:lang="en" lang="en">
 <head>
  <title>
</title>
<meta http-equiv="Content-Type" content="text/html;charset=utf-8" />
  <meta name='ocr-system' content='tesseract 3.04.00' />
  <meta name='ocr-capabilities' content='ocr_page ocr_carea ocr_par ocr_line ocrx_word'/>
</head>
<body>
  <div class='ocr_page' id='page_1' title='image "./selectionsfromt01propgoog_0123.png"; bbox 0 0 2574 3818; ppageno 0'>
   <div class='ocr_carea' id='block_1_1' title="bbox 182 211 916 294">
    <p class='ocr_par' dir='ltr' id='par_1_1' title="bbox 182 211 916 294">
     <span class='ocr_line' id='line_1_1' title="bbox 182 211 916 294; baseline 0.004 -21"><span class='ocrx_word' id='word_1_1' title='bbox 182 213 223 294; x_wconf 88' lang='lat'>56</span> <span class='ocrx_word' id='word_1_2' title='bbox 398 218 670 286; x_wconf 88' lang='lat' dir='ltr'><em>PROPERTIUS,</em></span> <span class='ocrx_word' id='word_1_3' title='bbox 686 221 724 275; x_wconf 89' lang='lat'>11.</span> <span class='ocrx_word' id='word_1_4' title='bbox 741 211 802 292; x_wconf 60' lang='lat'>28„</span> <span class='ocrx_word' id='word_1_5' title='bbox 820 237 916 289; x_wconf 80' lang='lat'>15—34.</span> 
     </span>
    </p>
   </div>
   <div class='ocr_carea' id='block_1_2' title="bbox 183 387 1133 1572">
    <p class='ocr_par' dir='ltr' id='par_1_2' title="bbox 183 387 1133 1572">
     <span class='ocr_line' id='line_1_2' title="bbox 183 387 1086 479; baseline 0.003 -14"><span class='ocrx_word' id='word_1_6' title='bbox 183 407 302 466; x_wconf 73' lang='lat'><strong>15-2&#39;4.</strong></span> <span class='ocrx_word' id='word_1_7' title='bbox 326 416 369 464; x_wconf 69' lang='lat' dir='ltr'>Yet</span> <span class='ocrx_word' id='word_1_8' title='bbox 379 415 437 464; x_wconf 80' lang='lat' dir='ltr'>will</span> <span class='ocrx_word' id='word_1_9' title='bbox 447 387 523 465; x_wconf 60' lang='lat' dir='ltr'>better</span> <span class='ocrx_word' id='word_1_10' title='bbox 531 416 592 479; x_wconf 77' lang='lat' dir='ltr'>days</span> <span class='ocrx_word' id='word_1_11' title='bbox 604 432 668 466; x_wconf 76' lang='lat' dir='ltr'>come</span> <span class='ocrx_word' id='word_1_12' title='bbox 682 423 707 466; x_wconf 82' lang='lat' dir='ltr'>to</span> <span class='ocrx_word' id='word_1_13' title='bbox 721 417 790 467; x_wconf 74' lang='lat' dir='ltr'>ttae:</span> <span class='ocrx_word' id='word_1_14' title='bbox 805 407 871 467; x_wconf 71' lang='lat' dir='ltr'>asro</span> <span class='ocrx_word' id='word_1_15' title='bbox 883 418 912 466; x_wconf 80' lang='lat' dir='ltr'>Io</span> <span class='ocrx_word' id='word_1_16' title='bbox 925 415 981 465; x_wconf 76' lang='lat' dir='ltr'>and</span> <span class='ocrx_word' id='word_1_17' title='bbox 993 422 1017 466; x_wconf 85' lang='lat' dir='ltr'>to</span> <span class='ocrx_word' id='word_1_18' title='bbox 1027 419 1086 474; x_wconf 71' lang='lat' dir='ltr'>sno,</span> 
     </span>
     <span class='ocr_line' id='line_1_3' title="bbox 263 493 675 545; baseline 0.007 -3"><span class='ocrx_word' id='word_1_19' title='bbox 263 499 287 542; x_wconf 83' lang='lat' dir='ltr'>to</span> <span class='ocrx_word' id='word_1_20' title='bbox 297 493 457 542; x_wconf 80' lang='lat' dir='ltr'><em>Andromeda</em></span> <span class='ocrx_word' id='word_1_21' title='bbox 467 495 522 542; x_wconf 82' lang='lat' dir='ltr'>and</span> <span class='ocrx_word' id='word_1_22' title='bbox 529 500 553 543; x_wconf 86' lang='lat' dir='ltr'>to</span> <span class='ocrx_word' id='word_1_23' title='bbox 564 494 675 545; x_wconf 79' lang='lat' dir='ltr'><em>Callisto.</em></span> 
     </span>
     <span class='ocr_line' id='line_1_4' title="bbox 199 604 1132 686; baseline 0.008 -27"><span class='ocrx_word' id='word_1_24' title='bbox 199 654 201 659; x_wconf 89' lang='lat'>.</span> <span class='ocrx_word' id='word_1_25' title='bbox 264 604 323 664; x_wconf 88' lang='lat' dir='ltr'>Sed</span> <span class='ocrx_word' id='word_1_26' title='bbox 343 605 396 663; x_wconf 91' lang='lat' dir='ltr'>tibi</span> <span class='ocrx_word' id='word_1_27' title='bbox 415 616 535 664; x_wconf 86' lang='lat' dir='ltr'>vexatae</span> <span class='ocrx_word' id='word_1_28' title='bbox 556 625 609 685; x_wconf 91' lang='lat' dir='ltr'>per</span> <span class='ocrx_word' id='word_1_29' title='bbox 630 606 721 666; x_wconf 87' lang='lat' dir='ltr'>multa</span> <span class='ocrx_word' id='word_1_30' title='bbox 742 607 870 686; x_wconf 87' lang='lat' dir='ltr'>pericula</span> <span class='ocrx_word' id='word_1_31' title='bbox 890 608 965 668; x_wconf 88' lang='lat' dir='ltr'>vitae</span> <span class='ocrx_word' id='word_1_32' title='bbox 1097 624 1132 683; x_wconf 91' lang='lat'>15</span> 
     </span>
     <span class='ocr_line' id='line_1_5' title="bbox 304 704 866 765; baseline 0.004 -3"><span class='ocrx_word' id='word_1_33' title='bbox 304 705 445 763; x_wconf 83' lang='lat' dir='ltr'>Extremo</span> <span class='ocrx_word' id='word_1_34' title='bbox 465 705 561 764; x_wconf 91' lang='lat' dir='ltr'>veniet</span> <span class='ocrx_word' id='word_1_35' title='bbox 581 704 697 765; x_wconf 92' lang='lat' dir='ltr'>mollior</span> <span class='ocrx_word' id='word_1_36' title='bbox 717 705 791 764; x_wconf 85' lang='lat' dir='ltr'>hora</span> <span class='ocrx_word' id='word_1_37' title='bbox 812 705 866 765; x_wconf 92' lang='lat' dir='ltr'>die.</span> 
     </span>
     <span class='ocr_line' id='line_1_6' title="bbox 262 803 951 882; baseline 0.003 -20"><span class='ocrx_word' id='word_1_38' title='bbox 262 803 297 862; x_wconf 94' lang='lat' dir='ltr'>Io</span> <span class='ocrx_word' id='word_1_39' title='bbox 317 821 399 862; x_wconf 84' lang='lat' dir='ltr'>versa</span> <span class='ocrx_word' id='word_1_40' title='bbox 420 813 507 882; x_wconf 91' lang='lat' dir='ltr'>caput</span> <span class='ocrx_word' id='word_1_41' title='bbox 527 803 638 881; x_wconf 89' lang='lat' dir='ltr'>primos</span> <span class='ocrx_word' id='word_1_42' title='bbox 659 804 820 880; x_wconf 80' lang='lat' dir='ltr'>mugiverat</span> <span class='ocrx_word' id='word_1_43' title='bbox 840 822 951 864; x_wconf 86' lang='lat' dir='ltr'>annos:</span> 
     </span>
     <span class='ocr_line' id='line_1_7' title="bbox 229 893 1005 979; baseline 0.005 -21"><span class='ocrx_word' id='word_1_44' title='bbox 229 924 236 936; x_wconf 92' lang='lat'><strong>·</strong></span> <span class='ocrx_word' id='word_1_45' title='bbox 303 893 391 959; x_wconf 85' lang='lat' dir='ltr'>Nunc</span> <span class='ocrx_word' id='word_1_46' title='bbox 412 901 474 972; x_wconf 87' lang='lat' dir='ltr'>dea,</span> <span class='ocrx_word' id='word_1_47' title='bbox 495 911 571 979; x_wconf 87' lang='lat' dir='ltr'>quae</span> <span class='ocrx_word' id='word_1_48' title='bbox 594 901 653 960; x_wconf 93' lang='lat' dir='ltr'>Nili</span> <span class='ocrx_word' id='word_1_49' title='bbox 674 902 795 961; x_wconf 85' lang='lat' dir='ltr'>flumina</span> <span class='ocrx_word' id='word_1_50' title='bbox 815 921 904 961; x_wconf 84' lang='lat' dir='ltr'>vacca</span> <span class='ocrx_word' id='word_1_51' title='bbox 925 903 1005 963; x_wconf 90' lang='lat' dir='ltr'><strong>bibit.</strong></span> 
     </span>
     <span class='ocr_line' id='line_1_8' title="bbox 261 999 962 1079; baseline 0.006 -22"><span class='ocrx_word' id='word_1_52' title='bbox 261 999 317 1059; x_wconf 93' lang='lat' dir='ltr'>Ino</span> <span class='ocrx_word' id='word_1_53' title='bbox 338 1000 425 1059; x_wconf 86' lang='lat' dir='ltr'>etiam</span> <span class='ocrx_word' id='word_1_54' title='bbox 447 1000 540 1079; x_wconf 88' lang='lat' dir='ltr'>prima</span> <span class='ocrx_word' id='word_1_55' title='bbox 560 1001 642 1059; x_wconf 89' lang='lat' dir='ltr'>terris</span> <span class='ocrx_word' id='word_1_56' title='bbox 663 1009 756 1060; x_wconf 88' lang='lat' dir='ltr'>aetate</span> <span class='ocrx_word' id='word_1_57' title='bbox 777 1011 881 1077; x_wconf 87' lang='lat' dir='ltr'>vagata</span> <span class='ocrx_word' id='word_1_58' title='bbox 902 1011 962 1061; x_wconf 86' lang='lat' dir='ltr'>est:</span> 
     </span>
     <span class='ocr_line' id='line_1_9' title="bbox 303 1098 1133 1175; baseline 0.004 -20"><span class='ocrx_word' id='word_1_59' title='bbox 303 1099 391 1156; x_wconf 87' lang='lat' dir='ltr'>Hanc</span> <span class='ocrx_word' id='word_1_60' title='bbox 411 1099 499 1156; x_wconf 90' lang='lat' dir='ltr'>miser</span> <span class='ocrx_word' id='word_1_61' title='bbox 519 1099 644 1175; x_wconf 84' lang='lat' dir='ltr'>inplorat</span> <span class='ocrx_word' id='word_1_62' title='bbox 664 1099 760 1157; x_wconf 86' lang='lat' dir='ltr'>navita</span> <span class='ocrx_word' id='word_1_63' title='bbox 781 1098 981 1160; x_wconf 78' lang='lat' dir='ltr'>Leucothoen.</span> <span class='ocrx_word' id='word_1_64' title='bbox 1032 1115 1037 1126; x_wconf 92' lang='lat'>·</span> <span class='ocrx_word' id='word_1_65' title='bbox 1094 1119 1133 1158; x_wconf 89' lang='lat'>20</span> 
     </span>
     <span class='ocr_line' id='line_1_10' title="bbox 263 1193 1010 1258; baseline 0.003 -4"><span class='ocrx_word' id='word_1_66' title='bbox 263 1197 452 1256; x_wconf 87' lang='lat' dir='ltr'>Andromede</span> <span class='ocrx_word' id='word_1_67' title='bbox 472 1197 609 1256; x_wconf 87' lang='lat' dir='ltr'>monstris</span> <span class='ocrx_word' id='word_1_68' title='bbox 629 1196 721 1256; x_wconf 86' lang='lat' dir='ltr'>fuerat</span> <span class='ocrx_word' id='word_1_69' title='bbox 741 1198 847 1256; x_wconf 85' lang='lat' dir='ltr'>devota</span> <span class='ocrx_word' id='word_1_70' title='bbox 869 1199 987 1258; x_wconf 87' lang='lat' dir='ltr'>marinis</span> <span class='ocrx_word' id='word_1_71' title='bbox 997 1193 1010 1256; x_wconf 75' lang='grc' dir='ltr'>τ’</span> 
     </span>
     <span class='ocr_line' id='line_1_11' title="bbox 303 1294 940 1356; baseline 0.006 -4"><span class='ocrx_word' id='word_1_72' title='bbox 303 1294 387 1354; x_wconf 83' lang='lat' dir='ltr'>Haec</span> <span class='ocrx_word' id='word_1_73' title='bbox 407 1295 511 1353; x_wconf 86' lang='lat' dir='ltr'>eadem</span> <span class='ocrx_word' id='word_1_74' title='bbox 532 1295 630 1354; x_wconf 87' lang='lat' dir='ltr'>Persei</span> <span class='ocrx_word' id='word_1_75' title='bbox 650 1295 756 1355; x_wconf 90' lang='lat' dir='ltr'>nobilis</span> <span class='ocrx_word' id='word_1_76' title='bbox 776 1314 851 1356; x_wconf 86' lang='lat' dir='ltr'>uxor</span> <span class='ocrx_word' id='word_1_77' title='bbox 871 1306 940 1356; x_wconf 86' lang='lat' dir='ltr'>erat.</span> 
     </span>
     <span class='ocr_line' id='line_1_12' title="bbox 222 1393 991 1475; baseline 0.001 -22"><span class='ocrx_word' id='word_1_78' title='bbox 222 1469 225 1475; x_wconf 24' lang='grc' dir='ltr'>Ι</span> <span class='ocrx_word' id='word_1_79' title='bbox 262 1393 382 1453; x_wconf 85' lang='lat' dir='ltr'>Callisto</span> <span class='ocrx_word' id='word_1_80' title='bbox 402 1394 545 1453; x_wconf 86' lang='lat' dir='ltr'>Arcadios</span> <span class='ocrx_word' id='word_1_81' title='bbox 566 1404 707 1454; x_wconf 87' lang='lat' dir='ltr'>erraverat</span> <span class='ocrx_word' id='word_1_82' title='bbox 727 1413 795 1454; x_wconf 86' lang='lat' dir='ltr'>ursa</span> <span class='ocrx_word' id='word_1_83' title='bbox 814 1414 867 1473; x_wconf 90' lang='lat' dir='ltr'>per</span> <span class='ocrx_word' id='word_1_84' title='bbox 887 1413 991 1472; x_wconf 86' lang='lat' dir='ltr'>agros:</span> 
     </span>
     <span class='ocr_line' id='line_1_13' title="bbox 304 1492 927 1572; baseline 0.005 -22"><span class='ocrx_word' id='word_1_85' title='bbox 304 1492 388 1551; x_wconf 86' lang='lat' dir='ltr'>Haec</span> <span class='ocrx_word' id='word_1_86' title='bbox 409 1501 550 1553; x_wconf 86' lang='lat' dir='ltr'>nocturna</span> <span class='ocrx_word' id='word_1_87' title='bbox 570 1510 624 1552; x_wconf 88' lang='lat' dir='ltr'>suo</span> <span class='ocrx_word' id='word_1_88' title='bbox 647 1492 740 1553; x_wconf 90' lang='lat' dir='ltr'>sidere</span> <span class='ocrx_word' id='word_1_89' title='bbox 762 1494 825 1552; x_wconf 86' lang='lat' dir='ltr'>vela</span> <span class='ocrx_word' id='word_1_90' title='bbox 845 1495 927 1572; x_wconf 83' lang='lat' dir='ltr'>regit.</span> 
     </span>
    </p>
   </div>
   <div class='ocr_carea' id='block_1_3' title="bbox 180 1653 1086 1874">
    <p class='ocr_par' dir='ltr' id='par_1_3' title="bbox 180 1653 1086 1874">
     <span class='ocr_line' id='line_1_14' title="bbox 180 1653 1083 1723; baseline 0.001 -19"><span class='ocrx_word' id='word_1_91' title='bbox 180 1660 300 1704; x_wconf 67' lang='lat' dir='ltr'>att—³4.</span> <span class='ocrx_word' id='word_1_92' title='bbox 316 1653 387 1704; x_wconf 83' lang='lat' dir='ltr'><em>Bcar</em></span> <span class='ocrx_word' id='word_1_93' title='bbox 399 1654 611 1718; x_wconf 66' lang='lat' dir='ltr'>thyselslrumbly,</span> <span class='ocrx_word' id='word_1_94' title='bbox 627 1654 745 1717; x_wconf 81' lang='lat' dir='ltr'>Cynthia,</span> <span class='ocrx_word' id='word_1_95' title='bbox 755 1654 805 1723; x_wconf 77' lang='lat' dir='ltr'>for</span> <span class='ocrx_word' id='word_1_96' title='bbox 814 1671 873 1705; x_wconf 83' lang='lat' dir='ltr'>even</span> <span class='ocrx_word' id='word_1_97' title='bbox 891 1656 972 1705; x_wconf 86' lang='lat' dir='ltr'>Doom</span> <span class='ocrx_word' id='word_1_98' title='bbox 989 1671 1047 1719; x_wconf 84' lang='lat' dir='ltr'>may</span> <span class='ocrx_word' id='word_1_99' title='bbox 1057 1656 1083 1705; x_wconf 83' lang='lat' dir='ltr'>be</span> 
     </span>
     <span class='ocr_line' id='line_1_15' title="bbox 262 1731 1086 1799; baseline 0 -18"><span class='ocrx_word' id='word_1_100' title='bbox 262 1731 358 1781; x_wconf 82' lang='lat' dir='ltr'>turned</span> <span class='ocrx_word' id='word_1_101' title='bbox 361 1747 374 1791; x_wconf 89' lang='lat'><em>;</em></span> <span class='ocrx_word' id='word_1_102' title='bbox 393 1732 447 1780; x_wconf 86' lang='lat' dir='ltr'>and</span> <span class='ocrx_word' id='word_1_103' title='bbox 461 1732 560 1796; x_wconf 64' lang='lat' dir='ltr'>{silton</span> <span class='ocrx_word' id='word_1_104' title='bbox 576 1732 646 1792; x_wconf 83' lang='lat' dir='ltr'>diest,</span> <span class='ocrx_word' id='word_1_105' title='bbox 663 1732 724 1783; x_wconf 82' lang='lat' dir='ltr'>thou</span> <span class='ocrx_word' id='word_1_106' title='bbox 740 1733 809 1783; x_wconf 72' lang='lat' dir='ltr'>skalt</span> <span class='ocrx_word' id='word_1_107' title='bbox 824 1733 850 1782; x_wconf 85' lang='lat' dir='ltr'>be</span> <span class='ocrx_word' id='word_1_108' title='bbox 858 1733 925 1799; x_wconf 82' lang='lat' dir='ltr'>first</span> <span class='ocrx_word' id='word_1_109' title='bbox 939 1749 1033 1798; x_wconf 84' lang='lat' dir='ltr'>among</span> <span class='ocrx_word' id='word_1_110' title='bbox 1045 1734 1086 1786; x_wconf 84' lang='lat' dir='ltr'>all</span> 
     </span>
     <span class='ocr_line' id='line_1_16' title="bbox 262 1810 462 1874; baseline 0 -16"><span class='ocrx_word' id='word_1_111' title='bbox 262 1810 344 1859; x_wconf 63' lang='lat' dir='ltr'>orariis</span> <span class='ocrx_word' id='word_1_112' title='bbox 354 1810 386 1874; x_wconf 83' lang='lat' dir='ltr'>of</span> <span class='ocrx_word' id='word_1_113' title='bbox 388 1815 462 1872; x_wconf 81' lang='lat' dir='ltr'>story.</span> 
     </span>
    </p>
   </div>
   <div class='ocr_carea' id='block_1_4' title="bbox 259 1927 1131 2692">
    <p class='ocr_par' dir='ltr' id='par_1_4' title="bbox 261 1927 1130 2103">
     <span class='ocr_line' id='line_1_17' title="bbox 261 1927 1130 2006; baseline 0.001 -21"><span class='ocrx_word' id='word_1_114' title='bbox 261 1928 351 2001; x_wconf 92' lang='lat' dir='ltr'>Quod</span> <span class='ocrx_word' id='word_1_115' title='bbox 372 1929 396 1986; x_wconf 92' lang='lat' dir='ltr'>si</span> <span class='ocrx_word' id='word_1_116' title='bbox 416 1927 490 1986; x_wconf 87' lang='lat' dir='ltr'>forte</span> <span class='ocrx_word' id='word_1_117' title='bbox 510 1927 562 1986; x_wconf 90' lang='lat' dir='ltr'>tibi</span> <span class='ocrx_word' id='word_1_118' title='bbox 583 1927 765 2005; x_wconf 89' lang='lat' dir='ltr'>properarint</span> <span class='ocrx_word' id='word_1_119' title='bbox 785 1927 846 1986; x_wconf 84' lang='lat' dir='ltr'>fata</span> <span class='ocrx_word' id='word_1_120' title='bbox 866 1929 1003 2006; x_wconf 87' lang='lat' dir='ltr'>quietem,</span> <span class='ocrx_word' id='word_1_121' title='bbox 1093 1945 1130 2004; x_wconf 89' lang='lat'>25</span> 
     </span>
     <span class='ocr_line' id='line_1_18' title="bbox 301 2025 882 2103; baseline 0.002 -19"><span class='ocrx_word' id='word_1_122' title='bbox 301 2027 354 2085; x_wconf 88' lang='lat' dir='ltr'>Illa</span> <span class='ocrx_word' id='word_1_123' title='bbox 375 2027 540 2103; x_wconf 88' lang='lat' dir='ltr'>sepulturae</span> <span class='ocrx_word' id='word_1_124' title='bbox 562 2025 621 2084; x_wconf 84' lang='lat' dir='ltr'>fata</span> <span class='ocrx_word' id='word_1_125' title='bbox 642 2027 727 2084; x_wconf 88' lang='lat' dir='ltr'>beata</span> <span class='ocrx_word' id='word_1_126' title='bbox 748 2035 825 2085; x_wconf 86' lang='lat' dir='ltr'>tuae.</span> <span class='ocrx_word' id='word_1_127' title='bbox 880 2067 882 2072; x_wconf 91' lang='lat'>-</span> 
     </span>
    </p>

    <p class='ocr_par' dir='ltr' id='par_1_5' title="bbox 261 2123 1002 2299">
     <span class='ocr_line' id='line_1_19' title="bbox 261 2123 1002 2203; baseline 0 -19"><span class='ocrx_word' id='word_1_128' title='bbox 261 2123 400 2184; x_wconf 87' lang='lat' dir='ltr'>Narrabis</span> <span class='ocrx_word' id='word_1_129' title='bbox 423 2123 564 2198; x_wconf 87' lang='lat' dir='ltr'>Semelae,</span> <span class='ocrx_word' id='word_1_130' title='bbox 587 2142 646 2203; x_wconf 91' lang='lat' dir='ltr'>quo</span> <span class='ocrx_word' id='word_1_131' title='bbox 668 2125 704 2183; x_wconf 89' lang='lat' dir='ltr'>sit</span> <span class='ocrx_word' id='word_1_132' title='bbox 723 2123 854 2184; x_wconf 87' lang='lat' dir='ltr'>formosa</span> <span class='ocrx_word' id='word_1_133' title='bbox 874 2125 1002 2201; x_wconf 82' lang='lat' dir='ltr'>periclo:</span> 
     </span>
     <span class='ocr_line' id='line_1_20' title="bbox 301 2221 951 2299; baseline -0.002 -17"><span class='ocrx_word' id='word_1_134' title='bbox 301 2223 409 2282; x_wconf 90' lang='lat' dir='ltr'>Credet</span> <span class='ocrx_word' id='word_1_135' title='bbox 429 2233 458 2282; x_wconf 90' lang='lat' dir='ltr'>et</span> <span class='ocrx_word' id='word_1_136' title='bbox 479 2223 535 2295; x_wconf 88' lang='lat' dir='ltr'>illa,</span> <span class='ocrx_word' id='word_1_137' title='bbox 557 2240 611 2282; x_wconf 93' lang='lat' dir='ltr'>suo</span> <span class='ocrx_word' id='word_1_138' title='bbox 633 2223 719 2281; x_wconf 84' lang='lat' dir='ltr'>docta</span> <span class='ocrx_word' id='word_1_139' title='bbox 740 2221 836 2299; x_wconf 85' lang='lat' dir='ltr'>puella</span> <span class='ocrx_word' id='word_1_140' title='bbox 857 2223 951 2283; x_wconf 85' lang='lat' dir='ltr'>malo:</span> 
     </span>
    </p>

    <p class='ocr_par' dir='ltr' id='par_1_6' title="bbox 259 2319 1131 2500">
     <span class='ocr_line' id='line_1_21' title="bbox 259 2319 912 2381; baseline -0.003 -1"><span class='ocrx_word' id='word_1_141' title='bbox 259 2323 298 2381; x_wconf 91' lang='lat' dir='ltr'>Et</span> <span class='ocrx_word' id='word_1_142' title='bbox 314 2323 365 2380; x_wconf 93' lang='lat' dir='ltr'>tibi</span> <span class='ocrx_word' id='word_1_143' title='bbox 387 2321 542 2380; x_wconf 87' lang='lat' dir='ltr'>Maeonias</span> <span class='ocrx_word' id='word_1_144' title='bbox 563 2321 660 2379; x_wconf 89' lang='lat' dir='ltr'>omnis</span> <span class='ocrx_word' id='word_1_145' title='bbox 681 2319 817 2380; x_wconf 87' lang='lat' dir='ltr'>heroidas</span> <span class='ocrx_word' id='word_1_146' title='bbox 837 2321 912 2379; x_wconf 90' lang='lat' dir='ltr'>iuter</span> 
     </span>
     <span class='ocr_line' id='line_1_22' title="bbox 300 2418 1131 2500; baseline 0.004 -24"><span class='ocrx_word' id='word_1_147' title='bbox 300 2420 414 2478; x_wconf 90' lang='lat' dir='ltr'>Primus</span> <span class='ocrx_word' id='word_1_148' title='bbox 434 2420 489 2478; x_wconf 89' lang='lat' dir='ltr'>erit</span> <span class='ocrx_word' id='word_1_149' title='bbox 508 2419 587 2478; x_wconf 88' lang='lat' dir='ltr'>nulla</span> <span class='ocrx_word' id='word_1_150' title='bbox 606 2437 669 2500; x_wconf 72' lang='lat' dir='ltr'>uon</span> <span class='ocrx_word' id='word_1_151' title='bbox 689 2419 832 2478; x_wconf 89' lang='lat' dir='ltr'>tribuente</span> <span class='ocrx_word' id='word_1_152' title='bbox 851 2418 942 2478; x_wconf 88' lang='lat' dir='ltr'>loeus.</span> <span class='ocrx_word' id='word_1_153' title='bbox 1091 2440 1131 2496; x_wconf 82' lang='lat'>30</span> 
     </span>
    </p>

    <p class='ocr_par' dir='ltr' id='par_1_7' title="bbox 259 2517 1091 2692">
     <span class='ocr_line' id='line_1_23' title="bbox 259 2517 1091 2596; baseline 0.001 -19"><span class='ocrx_word' id='word_1_154' title='bbox 259 2517 355 2591; x_wconf 88' lang='lat' dir='ltr'>Nunc,</span> <span class='ocrx_word' id='word_1_155' title='bbox 376 2528 535 2596; x_wconf 89' lang='lat' dir='ltr'>utcumque</span> <span class='ocrx_word' id='word_1_156' title='bbox 556 2529 649 2594; x_wconf 85' lang='lat' dir='ltr'>potes,</span> <span class='ocrx_word' id='word_1_157' title='bbox 671 2517 731 2576; x_wconf 85' lang='lat' dir='ltr'>fato</span> <span class='ocrx_word' id='word_1_158' title='bbox 751 2536 821 2595; x_wconf 81' lang='lat' dir='ltr'>gere</span> <span class='ocrx_word' id='word_1_159' title='bbox 842 2518 940 2578; x_wconf 87' lang='lat' dir='ltr'>saucia</span> <span class='ocrx_word' id='word_1_160' title='bbox 960 2535 1091 2578; x_wconf 87' lang='lat' dir='ltr'>morem:</span> 
     </span>
     <span class='ocr_line' id='line_1_24' title="bbox 299 2615 902 2692; baseline 0 -18"><span class='ocrx_word' id='word_1_161' title='bbox 299 2617 338 2674; x_wconf 90' lang='lat' dir='ltr'>Et</span> <span class='ocrx_word' id='word_1_162' title='bbox 359 2616 431 2675; x_wconf 89' lang='lat' dir='ltr'>deus</span> <span class='ocrx_word' id='word_1_163' title='bbox 452 2626 481 2674; x_wconf 94' lang='lat' dir='ltr'>et</span> <span class='ocrx_word' id='word_1_164' title='bbox 502 2616 591 2674; x_wconf 91' lang='lat' dir='ltr'>durus</span> <span class='ocrx_word' id='word_1_165' title='bbox 611 2615 729 2674; x_wconf 90' lang='lat' dir='ltr'>vertitur</span> <span class='ocrx_word' id='word_1_166' title='bbox 749 2617 812 2692; x_wconf 90' lang='lat' dir='ltr'>ipse</span> <span class='ocrx_word' id='word_1_167' title='bbox 833 2616 902 2674; x_wconf 77' lang='lat' dir='ltr'>dies,</span> 
     </span>
    </p>
   </div>
   <div class='ocr_carea' id='block_1_5' title="bbox 260 2715 1032 2886">
    <p class='ocr_par' dir='ltr' id='par_1_8' title="bbox 260 2715 1032 2886">
     <span class='ocr_line' id='line_1_25' title="bbox 260 2715 1032 2794; baseline -0.001 -20"><span class='ocrx_word' id='word_1_168' title='bbox 260 2716 329 2781; x_wconf 88' lang='lat' dir='ltr'>Hoc</span> <span class='ocrx_word' id='word_1_169' title='bbox 350 2717 401 2775; x_wconf 90' lang='lat' dir='ltr'>tibi</span> <span class='ocrx_word' id='word_1_170' title='bbox 421 2716 465 2775; x_wconf 88' lang='lat' dir='ltr'>vel</span> <span class='ocrx_word' id='word_1_171' title='bbox 487 2717 591 2794; x_wconf 90' lang='lat' dir='ltr'>poterit</span> <span class='ocrx_word' id='word_1_172' title='bbox 613 2715 741 2775; x_wconf 88' lang='lat' dir='ltr'>coniunx</span> <span class='ocrx_word' id='word_1_173' title='bbox 762 2715 915 2792; x_wconf 83' lang='lat' dir='ltr'>ignoscere</span> <span class='ocrx_word' id='word_1_174' title='bbox 937 2716 1032 2775; x_wconf 88' lang='lat' dir='ltr'>luno:</span> 
     </span>
     <span class='ocr_line' id='line_1_26' title="bbox 301 2808 956 2886; baseline -0.002 -17"><span class='ocrx_word' id='word_1_175' title='bbox 301 2811 455 2886; x_wconf 79' lang='lat' dir='ltr'>Frangitur</span> <span class='ocrx_word' id='word_1_176' title='bbox 476 2820 505 2868; x_wconf 89' lang='lat' dir='ltr'>et</span> <span class='ocrx_word' id='word_1_177' title='bbox 526 2811 610 2881; x_wconf 91' lang='lat' dir='ltr'>Iuno,</span> <span class='ocrx_word' id='word_1_178' title='bbox 633 2810 656 2867; x_wconf 91' lang='lat' dir='ltr'>si</span> <span class='ocrx_word' id='word_1_179' title='bbox 677 2827 735 2886; x_wconf 83' lang='lat' dir='ltr'>qua</span> <span class='ocrx_word' id='word_1_180' title='bbox 756 2808 853 2886; x_wconf 85' lang='lat' dir='ltr'>puella</span> <span class='ocrx_word' id='word_1_181' title='bbox 872 2810 956 2886; x_wconf 88' lang='lat' dir='ltr'>perit.</span> 
     </span>
    </p>
   </div>
   <div class='ocr_carea' id='block_1_6' title="bbox 176 2969 1142 3429">
    <p class='ocr_par' dir='ltr' id='par_1_9' title="bbox 176 2969 1142 3429">
     <span class='ocr_line' id='line_1_27' title="bbox 210 2969 1128 3021; baseline -0.003 0"><span class='ocrx_word' id='word_1_182' title='bbox 210 2976 251 3021; x_wconf 84' lang='lat'>15.</span> <span class='ocrx_word' id='word_1_183' title='bbox 269 2978 359 3021; x_wconf 84' lang='lat' dir='ltr'>vexata</span> <span class='ocrx_word' id='word_1_184' title='bbox 373 3006 380 3020; x_wconf 93' lang='lat'><strong>.</strong></span> <span class='ocrx_word' id='word_1_185' title='bbox 394 3007 401 3021; x_wconf 93' lang='lat'>.</span> <span class='ocrx_word' id='word_1_186' title='bbox 415 2972 487 3021; x_wconf 78' lang='lat' dir='ltr'>,vita</span> <span class='ocrx_word' id='word_1_187' title='bbox 499 2976 528 3021; x_wconf 76' lang='lat' dir='ltr'>z.</span> <span class='ocrx_word' id='word_1_188' title='bbox 609 2976 652 3020; x_wconf 85' lang='lat'>16.</span> <span class='ocrx_word' id='word_1_189' title='bbox 670 2970 799 3021; x_wconf 81' lang='lat' dir='ltr'>venictV²</span> <span class='ocrx_word' id='word_1_190' title='bbox 831 2971 967 3020; x_wconf 80' lang='lat' dir='ltr'>venitNO</span> <span class='ocrx_word' id='word_1_191' title='bbox 1001 2969 1128 3019; x_wconf 80' lang='lat' dir='ltr'>veniatz.</span> 
     </span>
     <span class='ocr_line' id='line_1_28' title="bbox 176 3036 1130 3100; baseline -0.002 -14"><span class='ocrx_word' id='word_1_192' title='bbox 176 3041 218 3086; x_wconf 83' lang='lat'>18.</span> <span class='ocrx_word' id='word_1_193' title='bbox 236 3038 358 3086; x_wconf 76' lang='lat' dir='ltr'>vacdaF.</span> <span class='ocrx_word' id='word_1_194' title='bbox 454 3040 498 3087; x_wconf 82' lang='lat'>20.</span> <span class='ocrx_word' id='word_1_195' title='bbox 516 3037 668 3100; x_wconf 79' lang='lat' dir='ltr'>inploratN</span> <span class='ocrx_word' id='word_1_196' title='bbox 701 3038 821 3100; x_wconf 81' lang='lat' dir='ltr'>implorat</span> <span class='ocrx_word' id='word_1_197' title='bbox 831 3040 892 3088; x_wconf 89' lang='lat' dir='ltr'>DV.</span> <span class='ocrx_word' id='word_1_198' title='bbox 986 3037 1028 3084; x_wconf 80' lang='lat'>21.</span> <span class='ocrx_word' id='word_1_199' title='bbox 1045 3036 1130 3084; x_wconf 80' lang='lat' dir='ltr'>devota</span> 
     </span>
     <span class='ocr_line' id='line_1_29' title="bbox 177 3100 1138 3165; baseline -0.002 -13"><span class='ocrx_word' id='word_1_200' title='bbox 177 3105 268 3152; x_wconf 67' lang='grc' dir='ltr'>ΗΝ</span> <span class='ocrx_word' id='word_1_201' title='bbox 279 3103 334 3152; x_wconf 91' lang='lat' dir='ltr'>edd.</span> <span class='ocrx_word' id='word_1_202' title='bbox 382 3106 555 3152; x_wconf 72' lang='lat' dir='ltr'>mmtratao</span> <span class='ocrx_word' id='word_1_203' title='bbox 599 3102 841 3165; x_wconf 59' lang='lat' dir='ltr'>saerataooujssae.</span> <span class='ocrx_word' id='word_1_204' title='bbox 940 3103 985 3149; x_wconf 80' lang='lat'>24.</span> <span class='ocrx_word' id='word_1_205' title='bbox 1002 3100 1085 3150; x_wconf 79' lang='lat' dir='ltr'>sidera</span> <span class='ocrx_word' id='word_1_206' title='bbox 1096 3104 1138 3150; x_wconf 76' lang='lat'>1¹.-</span> 
     </span>
     <span class='ocr_line' id='line_1_30' title="bbox 178 3167 1127 3232; baseline -0.003 -16"><span class='ocrx_word' id='word_1_207' title='bbox 178 3171 222 3217; x_wconf 80' lang='lat'>26.</span> <span class='ocrx_word' id='word_1_208' title='bbox 235 3169 350 3218; x_wconf 76' lang='lat' dir='ltr'>Illarto</span> <span class='ocrx_word' id='word_1_209' title='bbox 378 3171 470 3232; x_wconf 79' lang='lat' dir='ltr'>Ipsaz</span> <span class='ocrx_word' id='word_1_210' title='bbox 499 3167 700 3232; x_wconf 79' lang='lat' dir='ltr'>Igneconj.Bae.</span> <span class='ocrx_word' id='word_1_211' title='bbox 718 3168 842 3232; x_wconf 81' lang='lat' dir='ltr'>fataNO</span> <span class='ocrx_word' id='word_1_212' title='bbox 862 3167 1035 3232; x_wconf 80' lang='lat' dir='ltr'>factazBae.</span> <span class='ocrx_word' id='word_1_213' title='bbox 1061 3167 1127 3228; x_wconf 83' lang='lat' dir='ltr'>Ipsa,</span> 
     </span>
     <span class='ocr_line' id='line_1_31' title="bbox 176 3231 1130 3297; baseline -0.003 -15"><span class='ocrx_word' id='word_1_214' title='bbox 176 3235 318 3297; x_wconf 80' lang='lat' dir='ltr'>sepulturae</span> <span class='ocrx_word' id='word_1_215' title='bbox 327 3240 391 3283; x_wconf 76' lang='lat' dir='ltr'>som</span> <span class='ocrx_word' id='word_1_216' title='bbox 402 3235 470 3283; x_wconf 82' lang='lat' dir='ltr'>beata</span> <span class='ocrx_word' id='word_1_217' title='bbox 481 3241 547 3288; x_wconf 73' lang='lat' dir='ltr'>tuae.</span> <span class='ocrx_word' id='word_1_218' title='bbox 558 3233 687 3283; x_wconf 86' lang='lat' dir='ltr'>Narrabis</span> <span class='ocrx_word' id='word_1_219' title='bbox 698 3232 775 3282; x_wconf 77' lang='lat' dir='ltr'>Lach.</span> <span class='ocrx_word' id='word_1_220' title='bbox 876 3236 920 3284; x_wconf 75' lang='lat'>29.</span> <span class='ocrx_word' id='word_1_221' title='bbox 939 3232 1008 3280; x_wconf 82' lang='lat' dir='ltr'>inter</span> <span class='ocrx_word' id='word_1_222' title='bbox 1017 3231 1130 3280; x_wconf 79' lang='lat' dir='ltr'>heroidas</span> 
     </span>
     <span class='ocr_line' id='line_1_32' title="bbox 176 3293 1128 3362; baseline -0.004 -14"><span class='ocrx_word' id='word_1_223' title='bbox 176 3299 258 3348; x_wconf 83' lang='lat' dir='ltr'>omnis</span> <span class='ocrx_word' id='word_1_224' title='bbox 270 3299 324 3347; x_wconf 75' lang='lat' dir='ltr'>NF</span> <span class='ocrx_word' id='word_1_225' title='bbox 368 3300 450 3348; x_wconf 80' lang='lat' dir='ltr'>omnis</span> <span class='ocrx_word' id='word_1_226' title='bbox 460 3299 574 3348; x_wconf 67' lang='lat' dir='ltr'>herodias</span> <span class='ocrx_word' id='word_1_227' title='bbox 586 3299 644 3362; x_wconf 83' lang='lat' dir='ltr'>(sic)</span> <span class='ocrx_word' id='word_1_228' title='bbox 656 3299 801 3358; x_wconf 78' lang='lat' dir='ltr'>interDV3</span> <span class='ocrx_word' id='word_1_229' title='bbox 819 3314 860 3348; x_wconf 82' lang='lat' dir='ltr'>see</span> <span class='ocrx_word' id='word_1_230' title='bbox 871 3299 918 3348; x_wconf 87' lang='lat' dir='ltr'>Ov.</span> <span class='ocrx_word' id='word_1_231' title='bbox 929 3298 1006 3346; x_wconf 84' lang='lat' dir='ltr'>Trist.</span> <span class='ocrx_word' id='word_1_232' title='bbox 1018 3310 1039 3346; x_wconf 91' lang='lat'>1.</span> <span class='ocrx_word' id='word_1_233' title='bbox 1052 3293 1075 3346; x_wconf 89' lang='lat'>6.</span> <span class='ocrx_word' id='word_1_234' title='bbox 1089 3309 1128 3359; x_wconf 77' lang='lat'>35.</span> 
     </span>
     <span class='ocr_line' id='line_1_33' title="bbox 178 3364 1142 3429; baseline -0.001 -16"><span class='ocrx_word' id='word_1_235' title='bbox 178 3364 261 3414; x_wconf 79' lang='lat' dir='ltr'>Ghas</span> <span class='ocrx_word' id='word_1_236' title='bbox 278 3366 408 3428; x_wconf 81' lang='lat' dir='ltr'>interque:</span> <span class='ocrx_word' id='word_1_237' title='bbox 421 3381 449 3414; x_wconf 91' lang='lat' dir='ltr'>so</span> <span class='ocrx_word' id='word_1_238' title='bbox 465 3365 549 3428; x_wconf 84' lang='lat' dir='ltr'>Paley.</span> <span class='ocrx_word' id='word_1_239' title='bbox 647 3367 691 3414; x_wconf 78' lang='lat'>³3.</span> <span class='ocrx_word' id='word_1_240' title='bbox 705 3365 839 3429; x_wconf 69' lang='lat' dir='ltr'>poterint</span> <span class='ocrx_word' id='word_1_241' title='bbox 867 3370 969 3428; x_wconf 83' lang='lat' dir='ltr'>poterat</span> <span class='ocrx_word' id='word_1_242' title='bbox 980 3364 1013 3412; x_wconf 92' lang='lat'>0.</span> <span class='ocrx_word' id='word_1_243' title='bbox 1100 3411 1105 3418; x_wconf 81' lang='grc'>,</span> <span class='ocrx_word' id='word_1_244' title='bbox 1127 3376 1142 3418; x_wconf 86' lang='grc'>,·</span> 
     </span>
    </p>
   </div>
   <div class='ocr_carea' id='block_1_7' title="bbox 0 0 1294 3818">
    <p class='ocr_par' dir='ltr' id='par_1_10' title="bbox 0 0 1294 3818">
     <span class='ocr_line' id='line_1_34' title="bbox 0 0 1294 3818; baseline 0 0"><span class='ocrx_word' id='word_1_245' title='bbox 0 0 1294 3818; x_wconf 95' lang='lat' dir='ltr'> </span> 
     </span>
    </p>
   </div>
  </div>
 </body>
</html>
