2574 3818
254 257 259 266 ·
350 240 694 311 PROPERTJUS,1v.
721 252 781 311 11.,
804 259 918 310 91-102.
1046 248 1108 315 103

155 436 275 481 tel-08.
292 429 360 494 Iflce
371 430 397 478 bc
408 437 506 479 content
515 430 579 479 with
591 445 699 492 numm
709 429 790 494 os'me,
795 429 900 494 feelfor
913 429 955 478 his
964 429 1060 492 coming

236 523 280 572 age
288 523 298 557 .·
314 507 366 557 add
375 524 417 571 my
422 523 500 570 years
510 514 534 556 to
539 522 635 571 yrurs:
652 506 694 556 'tis
702 508 761 558 well
767 509 788 556 I
791 509 859 557 leave
864 523 917 571 you
926 508 965 556 all
971 506 1064 556 behind

237 602 282 635 me.

237 695 294 754 Seu
316 714 430 754 memor
449 696 497 754 ille
518 714 585 754 mea
606 704 760 754 contentus
781 695 921 754 manserit
943 696 1056 764 umbra,

276 794 316 853 Et
336 795 408 852 tanti
429 795 541 852 cineres
564 794 679 853 duxerit
701 812 764 852 esse
786 812 879 866 meos,

236 894 346 953 DIscite
366 903 517 953 venturam
538 894 597 951 iam
617 912 697 952 nunc
718 894 824 952 sentire
846 902 1003 964 senectam,

277 992 405 1051 Caelibis
427 992 465 1051 ad
485 1011 569 1051 curas
590 1012 645 1052 nec
666 1002 748 1051 vacet
771 984 829 1050 ulla
850 992 904 1050 via.

237 1090 327 1164 Quod
336 1091 407 1148 mihi
419 1091 579 1150 detractum
590 1101 641 1163 est,
652 1101 763 1150 vestros
773 1090 892 1149 accedat
902 1090 940 1149 ad
947 1109 1055 1150 annos:
1069 1109 1107 1167 95

277 1190 362 1248 Prole
382 1208 450 1248 mea
471 1189 605 1248 Paullum
627 1191 668 1249 sic
689 1191 766 1248 iuvet
788 1206 851 1247 esse
873 1207 983 1250 senem.

238 1287 278 1346 Et
294 1289 369 1348 bene
382 1289 488 1349 habet:
511 1308 673 1366 numquam
687 1299 780 1347 mater
794 1288 928 1365 lugubria
942 1289 1069 1365 sumpsi:

277 1386 366 1448 Venit
386 1389 416 1445 in
438 1390 576 1468 exequias
596 1399 658 1448 tota
679 1398 792 1447 caterva
813 1405 903 1446 mean

154 1581 296 1626 tto-102.
313 1577 361 1640 My
372 1577 477 1628 rauseis
492 1577 555 1628 said.
590 1577 669 1640 Doyc
685 1577 786 1626 witness
788 1576 838 1641 sor
853 1593 892 1626 mc
907 1593 974 1640 arye
984 1583 1056 1641 werp,

235 1654 291 1703 and
298 1654 353 1718 help
365 1672 407 1718 my
418 1672 501 1706 course
512 1663 536 1705 to
546 1657 648 1705 heaven.

236 1779 332 1838 Causa
352 1792 486 1857 perorata
507 1791 558 1840 est.
600 1781 717 1840 Flentes
737 1800 786 1840 me
808 1782 916 1858 surgite
937 1791 1034 1853 testeS,

275 1877 356 1936 Dum
376 1880 502 1956 pretium
522 1881 597 1939 vitae
617 1890 701 1957 grata
720 1879 853 1957 rependit
874 1880 988 1938 humus.
1048 1900 1106 1941 100

152 2038 154 2041 ,
235 1975 368 2035 Moribus
389 1987 417 2036 et
439 1978 551 2037 caelum
572 1979 680 2055 patuit:
704 1979 759 2036 sim
780 1978 869 2056 digna
892 1978 1042 2050 merendo,

276 2073 367 2134 Cuius
388 2075 537 2135 honoratis
558 2095 626 2136 ossa
646 2077 787 2144 vehantur
809 2077 901 2154 aquis,

186 2283 232 2330 94.
250 2283 316 2331 valet
327 2283 381 2331 ulla
392 2285 449 2332 vias
460 2287 496 2332 N.
622 2289 666 2336 97.
684 2283 783 2332 lubrica
793 2288 922 2345 sumptum
935 2285 959 2330 0
1008 2280 1106 2330 lubrica

152 2347 251 2410 sumpsi
262 2348 350 2397 zedd.
409 2349 660 2413 lubrigiammptum
673 2352 709 2397 N.
831 2353 877 2396 99.
896 2348 947 2396 For
958 2363 996 2395 me
1007 2347 1105 2396 Palmer

152 2422 266 2475 suggests
278 2429 316 2462 ne.
404 2419 465 2463 102.
482 2414 686 2464 vehanturNW
718 2414 885 2463 vehunturo
929 2413 1004 2478 aquis
1014 2412 1106 2461 ΠΝ

153 2477 251 2590 I{almer
263 2478 332 2538 (who
344 2494 472 2543 compares
484 2495 506 2542 3,
523 2481 560 2540 18,
574 2494 615 2543 31,
628 2479 672 2545 32)
712 2480 783 2544 equis
795 2483 849 2527 DV
860 2480 913 2528 Per.
927 2479 1005 2528 Hertz
1049 2478 1106 2527 avis

182 2544 279 2604 einsius,
292 2545 350 2595 Bae.
