2574 3818
387 225 662 300 PROPERTIUS,
685 233 725 284 11.
750 219 811 300 28.,
836 247 914 299 1-14.
1082 239 1126 308 55

230 437 231 440 ,
255 389 440 467 Sedtrustra
460 401 559 452 mutos
580 394 739 466 revocabis,
761 387 895 472 Cy'nthia,
918 416 1039 475 manes:

294 488 373 548 Nam
394 508 462 548 mea
483 491 533 568 qui
554 501 692 570 poterunt
712 511 780 552 ossa
800 495 912 554 minuta
933 497 1033 576 loqui?

201 754 265 814 ΒΗ
556 735 557 738 ¹
589 762 704 828 II.28.

204 905 284 948 1-8.
303 898 343 949 O!
363 905 435 962 spart
454 915 496 963 my
510 899 573 964 sair
593 915 647 960 one,
662 901 778 966 Jupiter,
794 903 878 951 rtmeck
897 903 969 952 down
987 903 1073 969 hythe

252 978 346 1040 raging
351 977 478 1040 Dog-star,
488 979 666 1041 orperchonce,
676 979 699 1026 it
707 995 765 1043 ncay
772 979 806 1040 be,
810 981 859 1044 for
866 981 1072 1045 vowssorsworn.

251 1091 389 1167 Iuppiter,
410 1091 529 1151 affectae
550 1091 672 1150 tandem
692 1093 828 1152 miserere
849 1094 978 1170 puellae:

290 1189 369 1258 Tam
390 1187 517 1248 formosa
537 1198 620 1248 tuum
640 1199 754 1248 mortua
776 1191 887 1250 crimen
908 1193 969 1252 erit.

250 1285 338 1344 Venit
359 1287 438 1358 enim
459 1297 581 1364 tempus,
603 1305 663 1363 quo
684 1288 808 1347 torridus
829 1299 940 1348 aestuat
960 1309 1018 1360 aer,

288 1385 394 1462 Incipit
415 1395 443 1444 et
464 1385 542 1455 sicco
563 1385 669 1444 fervere
691 1396 766 1446 terra
787 1386 878 1460 Cane.

249 1483 306 1542 Sed
338 1502 398 1554 non
423 1494 484 1543 tam
514 1484 625 1543 ardoris
653 1484 751 1560 culpo¹
766 1495 809 1559 est
833 1504 929 1563 neque
954 1487 1077 1546 crimina

368 1581 448 1654 caeli,
1098 1603 1115 1662 5

287 1679 387 1752 Quam
408 1681 515 1739 totiens
536 1691 653 1740 sanctos
674 1699 736 1740 non
756 1680 892 1742 habuisse
914 1683 994 1743 deos.

246 1777 314 1838 Hoc
336 1778 430 1856 perdit
450 1779 579 1852 miseras,
601 1779 658 1840 hoc
679 1779 804 1857 perdidit
824 1793 891 1840 ante
912 1784 1038 1860 puellas:

271 1876 438 1954 Quidquid
459 1877 596 1946 iurarunt,
617 1889 720 1938 ventus
741 1879 772 1942 et'.
789 1880 868 1942 unda
889 1883 972 1959 rapit.

179 2063 279 2107 0-14.
296 2057 365 2107 Hast
374 2059 435 2108 thou
444 2059 541 2109 boasted
550 2059 673 2124 thyselsto
692 2061 791 2110 Venus?
806 2061 864 2109 least
873 2059 933 2110 thou
944 2061 1031 2126 sceffed
1039 2069 1067 2111 at

236 2136 311 2201 June
321 2151 351 2186 or
361 2143 390 2186 at
399 2137 509 2188 Pallas?
544 2138 582 2187 Ill
590 2138 672 2188 words
682 2138 746 2192 leave
755 2153 801 2202 aye
811 2137 933 2202 bemfae'r
945 2139 1066 2192 marilen's

241 2213 310 2264 bane.

242 2311 321 2373 Num
344 2313 406 2374 sibi
419 2315 556 2374 collatam
577 2315 670 2374 doluit
683 2315 785 2374 Venus
809 2316 857 2374 illa
878 2320 1056 2396 paremque?

281 2413 407 2476 Praese
429 2413 564 2473 formosis
585 2414 728 2510 invidiosa
749 2413 803 2472 dea
822 2424 886 2484 cst„
1074 2434 1111 2474 ro

241 2512 288 2569 An
305 2522 474 2589 contempta
495 2513 547 2571 tibi
567 2512 689 2572 Iunonis
710 2511 819 2589 templa
840 2512 987 2592 Pelasgae,
1028 2580 1030 2586 ,

280 2610 405 2672 Palladis
426 2621 476 2670 aut
497 2609 598 2670 oculos
618 2629 690 2669 ausa
710 2629 819 2688 negare
840 2597 956 2671 bonos?

240 2709 369 2787 Semper,
390 2709 545 2780 formosae,
567 2727 630 2768 non
652 2710 882 2786 nostis-parcere
902 2711 1015 2770 verbis:

278 2809 338 2868 Hic
360 2809 410 2867 tibi
432 2808 530 2883 lingua
552 2821 671 2879 nocens,
693 2807 750 2866 hoc
772 2809 823 2866 tibi
844 2808 938 2868 forma
959 2809 1045 2869 dedit.

187 2985 232 3030 58.
250 2983 297 3046 qui
307 2985 336 3031 rt
348 2982 428 3032 Palm.
463 2983 528 3047 quid
535 2981 571 3030 ali
583 2982 655 3032 other
666 2981 738 3031 MSS.
751 2981 800 3030 and
812 2981 878 3031 edd..
894 3021 900 3030 .
916 3021 921 3028 .

187 3052 213 3096 8.
231 3047 345 3097 iurarem
358 3052 387 3096 N
431 3049 540 3098 iuratur
549 3048 602 3097 Per.
669 3052 696 3096 9.
714 3050 851 3097 NumDF
895 3047 996 3096 Nonlti
1040 3047 1106 3096 Nun

154 3111 236 3162 others
275 3114 322 3162 illa
334 3117 388 3163 No
432 3115 521 3176 ipsaz
558 3119 681 3176 peraeque
692 3130 720 3162 or
725 3113 969 3177 peraequaeNHb.
1004 3119 1105 3178 parem-

153 3181 263 3241 queFG
308 3186 427 3244 peraegre
438 3180 491 3227 Per.
536 3179 735 3242 ipsaparemque
745 3178 828 3241 Paley,
842 3178 898 3228 Bae.
911 3178 989 3228 Muel.
1039 3179 1106 3228 illa?

147 3249 271 3309 peraeque
281 3245 326 3292 old
338 3245 392 3294 edd.
406 3243 455 3292 and
470 3243 549 3292 Palm.
561 3244 620 3292 who
633 3251 722 3306 quotes
739 3244 791 3292 Cic.
804 3245 857 3293 Att.
872 3258 893 3292 2.
907 3257 937 3308 19
952 3250 1005 3292 tam
1017 3251 1104 3308 perae-

151 3309 324 3371 queomnibus
334 3309 466 3358 ordinibus
476 3309 575 3374 offensa.
622 3309 672 3358 But
683 3325 723 3359 see
733 3316 813 3358 notes.
889 3315 927 3358 IL
944 3312 983 3360 At
992 3317 1105 3359 contenta

150 3373 194 3424 W.
260 3377 302 3424 12.
319 3375 476 3426 Pallidisrt.
