2574 3818
187 171 227 252 78
376 181 651 252 PROPERTJUS,
675 189 728 240 ΙΙΙ.
756 195 815 253 11.‚
839 199 936 253 51-72.

265 344 376 421 Fugisti
397 355 496 404 tamen
516 347 547 404 in
567 347 662 407 timidi
683 366 758 424 vaga
778 348 901 408 flumina
922 349 999 408 Nili:

304 444 455 521 Accepere
475 455 542 504 tuae
564 445 692 507 Romula
712 447 807 506 vincla
828 466 941 508 manus.

265 540 390 600 Brachia
410 553 493 620 spect
511 544 551 602 vit
572 543 661 602 sacris
677 544 814 604 admorsa
835 545 971 617 colubris,

305 639 344 698 Et
363 640 476 700 trahere
497 642 645 701 occultum
665 644 798 702 membra
819 645 933 721 soporis
954 644 1015 704 iter.

265 738 352 800 ‘Non
374 739 439 812 hoc,
462 739 567 812 Roma,
592 740 632 801 lui
653 752 736 801 tanto
758 743 809 801 tibi
831 743 893 802 cive
914 741 1057 815 verenda,’
1094 761 1132 820 55

305 837 395 913 Dixit,
419 845 466 899 ‘et
487 840 604 900 assiduo
625 840 726 916 lingua
746 841 860 918 sepulta
880 841 981 903 mero!

265 936 383 1015 Septem
403 940 472 998 urbs
493 939 550 997 alta
571 939 654 1015 iugis,
675 949 738 998 toto
759 959 835 1017 quae
856 942 1000 1018 praesidet
1022 941 1095 1013 orbi,

305 1035 459 1097 Femineas
479 1037 573 1096 timuit
594 1039 692 1096 territa
713 1037 809 1098 Marte
830 1039 934 1100 minas.

183 1147 302 1192 50-66.
324 1142 400 1191 What
418 1157 475 1191 now
493 1142 525 1207 of
533 1142 574 1191 tlte
591 1142 693 1205 Scipios,
713 1143 745 1206 os
756 1143 898 1194 Camillus?
913 1144 945 1209 qs
958 1144 1084 1208 Pompey?

263 1219 333 1269 wlrat
340 1219 372 1284 of
373 1234 421 1268 our
426 1220 540 1269 victorias
547 1236 606 1269 cuer
613 1221 724 1283 Syphax,
732 1221 873 1281 Hannibal,
886 1222 941 1271 and
946 1221 1084 1285 Pyrrhus?

233 1355 239 1367 .
263 1297 374 1362 calcatos
380 1297 538 1362 Curtius‚of
545 1299 631 1355 Cocles,
643 1298 713 1363 oros
720 1299 839 1348 Corum?
904 1317 906 1322 ¹

265 1389 352 1449 Nunc
372 1390 422 1447 ubi
444 1388 596 1466 Scipiadae
618 1390 747 1450 classes?
773 1391 825 1449 ubi
846 1391 930 1467 signa
951 1390 1089 1451 Camilli?

304 1488 363 1547 Aut
383 1488 474 1548 modo
494 1488 644 1566 Pompeia,
665 1488 828 1566 Bosphore‚
850 1500 936 1567 capta
957 1490 1069 1549 manu?
1092 1494 1131 1548 60

264 1586 439 1645 Hannibalis
460 1586 553 1664 spolia
573 1596 601 1646 et
622 1586 689 1646 victi
710 1587 893 1647 monimenta
914 1587 1064 1666 Syphacis,

303 1685 342 1744 Et
362 1684 464 1762 Pyrrhi
485 1685 523 1744 ad
544 1696 660 1745 nostros
681 1686 775 1762 gloria
794 1683 885 1746 fracta
905 1686 1018 1763 pedes?

264 1784 382 1844 Curtius
403 1783 524 1860 expletis
546 1783 643 1843 statuit
664 1784 845 1845 monimenta
866 1784 987 1857 lacuniS,
1076 1825 1080 1832 -

302 1883 343 1943 At
362 1882 472 1941 Decius
492 1882 582 1942 misso
604 1882 713 1959 praelia
732 1883 810 1960 rupit
830 1900 926 1960 equo;
1013 1901 1017 1911 ·

263 1982 382 2042 Coclitis
402 1982 547 2041 abscissos
567 1991 688 2040 testatur
708 1983 812 2041 semita
831 1990 944 2058 pontes,
1091 1983 1129 2054 65

302 2080 356 2140 Est
377 2079 424 2139 cui
445 2098 612 2157 cognomen
633 2098 736 2140 corvus
757 2080 864 2139 habere
887 2079 973 2140 dedit.
1021 2140 1023 2144 ,

180 2190 301 2238 67-72.
324 2186 394 2235 With
407 2187 490 2235 Coesar
505 2185 565 2249 rufe,
578 2187 655 2235 Rome
672 2186 718 2234 las
734 2201 797 2235 none
813 2178 838 2235 ta
844 2185 913 2250 sear,
929 2201 987 2249 nay,
1002 2182 1081 2234 scarce

253 2265 319 2331 Jove
329 2263 444 2328 hinnelf:
461 2264 548 2328 Apollo
559 2263 617 2312 will
628 2265 674 2313 tell
685 2263 717 2329 of
721 2263 834 2322 Actium,
844 2263 900 2312 and
913 2263 979 2326 thou,
994 2261 1081 2326 sailor,

262 2342 293 2407 of
297 2343 338 2392 tlte
343 2341 458 2406 peacesul
466 2357 525 2392 scas.

262 2426 347 2484 Haec
359 2426 388 2484 di
399 2426 600 2497 condiderunt,
612 2424 684 2483 haec
698 2424 728 2483 di
743 2443 860 2502 quoque
870 2425 988 2484 moenia
997 2434 1111 2483 servant
1123 2442 1129 2481 :

303 2524 362 2582 Vix
383 2525 490 2596 timeat,
512 2523 592 2582 salvo
616 2524 749 2597 Caesare,
773 2522 872 2582 Roma
894 2522 1005 2583 Iovem.

213 2702 254 2750 51.
271 2712 336 2762 vaga
347 2701 400 2746 DV
443 2699 581 2747 vadaM'.
655 2701 699 2747 53.
716 2698 834 2761 spectauit
844 2698 898 2746 Per.
941 2697 1051 2760 spectavi
1060 2695 1130 2746 other

180 2765 254 2815 MSS.
265 2763 314 2812 and
325 2763 382 2814 edd.
448 2764 633 2828 55.fuit1l10
670 2763 760 2828 sulz.
832 2767 878 2812 56.
893 2762 975 2812 Dixit
988 2770 1012 2811 et
1028 2766 1051 2811 0
1091 2763 1129 2812 Et

178 2830 250 2880 ducis
261 2833 286 2877 D
299 2828 428 2879 Heinsius.
505 2834 548 2880 57.
565 2836 613 2878 toto
625 2832 653 2877 N
665 2830 719 2878 Per.
732 2829 817 2879 Hertz.
830 2835 877 2878 etc.
954 2831 1000 2878 58.
1017 2827 1129 2877 Omitted

179 2897 213 2961 by
229 2899 266 2946 tt.
303 2895 333 2944 In
350 2896 403 2944 Per.
421 2897 507 2944 Marte
523 2895 545 2943 is
562 2910 625 2944 om:
643 2894 722 2944 Palm.
740 2901 850 2958 suspects
861 2893 916 2944 that
933 2892 976 2942 tlte
991 2893 1061 2942 word
1078 2907 1129 2942 was

178 2961 290 3025 wanting
306 2961 332 3010 in
348 2959 391 3010 the
407 2960 544 3024 archetype,
563 2960 613 3009 and
630 2976 642 3008 s
694 2966 744 3009 ests
759 2967 839 3023 turpe.
938 2963 983 3019 59,
1000 2963 1046 3008 60.
1066 2958 1129 3007 This

179 3027 281 3092 couplet
298 3026 319 3075 is
333 3025 422 3090 placed
433 3027 458 3074 in
469 3025 512 3075 the
523 3025 595 3075 MSS.
608 3026 670 3075 after
692 3061 697 3076 .
712 3025 751 3075 68.
780 3026 848 3074 Pass.
859 3023 963 3087 pointed
975 3031 1018 3073 out
1030 3023 1085 3072 that
1097 3023 1129 3072 its

178 3108 270 3158 proper
278 3092 348 3156 place
359 3093 380 3140 is
391 3091 454 3141 aiter
464 3090 482 3138 l.
494 3093 535 3153 58.
561 3091 595 3141 So
606 3092 686 3140 Palm.
715 3091 771 3140 The
782 3090 844 3140 lines
855 3089 918 3139 have
930 3090 991 3140 been
1003 3089 1129 3151 variously

178 3158 275 3224 placed.
339 3159 383 3206 62.
401 3157 642 3217 monimentasoli,
656 3155 831 3206 ascisewhere.
894 3159 939 3203 63.
960 3155 1056 3204 Cun‘us
1064 3157 1128 3208 NV.

179 3227 225 3273 64,
240 3225 279 3271 At
289 3222 382 3272 Decius
394 3223 467 3271 misso
476 3225 504 3270 N
513 3223 597 3272 Hertz.
631 3222 748 3272 Admisso
755 3221 849 3271 Decius
859 3220 922 3270 Scal.
930 3220 1011 3270 Palm.
1080 3223 1126 3270 66.

178 3288 228 3338 Est
237 3287 344 3346 Broukh,
353 3288 409 3337 edd.
443 3289 482 3338 Et
492 3291 545 3338 No
557 3289 612 3339 Per.
662 3292 707 3341 67.
723 3287 799 3338 dii..
814 3285 1128 3348 .dii1u·0,ase1sewhere

179 3353 384 3404 cmadailcranto.
