2574 3818
379 246 653 313 properemus
677 252 730 303 ιιι.
754 210 795 316 a,
821 263 899 300 1-22.
1076 238 1120 317 67·

195 473 197 476 ,
252 410 330 484 Sera,
351 412 404 471 sed
424 411 563 485 Ausoniis
583 412 678 470 veniet
699 411 849 488 provincia
868 411 971 488 virgis:
1100 425 1119 485 5

289 510 473 571 Adsuescent
494 510 580 570 Latio
603 509 710 570 Partha
731 521 852 587 tropaea
868 510 940 570 Iovi.

185 718 282 766 'r—1o.
301 713 380 764 Fortis
397 713 459 762 with
470 727 531 776 you,
545 729 610 774 men,
620 712 697 776 ships,
714 713 767 761 and
779 712 873 762 steedr!
904 714 1006 777 Avenge
1029 712 1069 760 the
1092 757 1095 762 .

252 791 345 854 Crassi,
358 793 433 841 write
443 808 459 840 a
471 807 527 841 new
531 797 596 856 page
606 791 638 855 os
643 791 802 856 Historysor
811 791 906 840 Rome!

249 911 293 970 Ite
314 911 401 988 agite,
423 921 562 988 expertae
583 909 662 969 bello
684 910 750 968 date
772 908 861 968 lintea
881 927 994 986 prorae,

288 1005 327 1064 Et
347 1005 465 1065 solitum
487 1005 621 1082 armigeri
643 1004 739 1064 ducite
760 1022 867 1062 munus
887 1003 963 1080 equi.
1027 1026 1034 1040 ·

249 1103 360 1164 Omina
381 1101 476 1163 fausta
497 1122 590 1164 cano:
620 1103 743 1163 Crassos
764 1102 937 1180 clademque
958 1102 1053 1179 piate:

288 1203 333 1262 lte
354 1212 383 1263 et
404 1202 558 1261 Romanae
579 1203 722 1262 consulite
743 1202 889 1262 historiae.
1013 1197 1019 1208 ”
1081 1217 1117 1257 ιο

168 1410 286 1455 11-22.
303 1404 369 1453 And
382 1419 441 1466 may
456 1405 477 1452 I
489 1405 538 1454 live
554 1410 578 1453 to
594 1419 631 1453 see
646 1403 687 1454 tte
703 1405 752 1467 day
766 1404 798 1469 of
808 1401 910 1454 Casar's
931 1403 957 1452 Τ
953 1402 1066 1466 riumpla

247 1481 302 1532 and
308 1481 381 1531 swell
388 1481 428 1530 the
433 1482 551 1548 plaudite
561 1497 593 1530 on
604 1482 645 1532 the
656 1483 750 1531 Sacred
761 1481 839 1545 Wayl

248 1599 330 1658 Mars
351 1607 433 1675 pater
453 1610 483 1658 et
503 1617 603 1658 sacrae
625 1599 724 1659 fatalia
744 1601 855 1659 lumina
871 1599 989 1671 Vestae,

285 1693 364 1752 Ante
384 1711 468 1752 meos
489 1694 587 1752 obitus
609 1694 652 1766 sit,
674 1712 786 1772 precor,
804 1695 852 1754 illa
873 1694 944 1765 dies,

247 1792 315 1865 Qua
334 1792 458 1865 videam,
479 1792 578 1870 spoliis
598 1803 721 1853 onerato
744 1793 878 1852 Caesaris
898 1811 964 1864 axe,

285 1891 334 1949 Ad
355 1889 433 1966 vulgi
445 1890 573 1975 plausus
593 1909 682 1968 saepe
703 1892 834 1950 resistere
856 1908 967 1968 equos3

246 1990 340 2067 Inque
362 1991 427 2046 sinu
449 2007 533 2047 carae
554 1990 640 2048 nixus
661 2000 792 2067 spectare
813 1989 928 2067 puellae
1079 2003 1114 2061 15

284 2088 438 2165 Incipiam,
460 2098 489 2146 et
509 2088 598 2147 titulis
619 2088 729 2166 oppida
750 2099 836 2166 capta
857 2089 962 2165 legam,

244 2186 320 2246 Tela
340 2186 453 2263 fugacis
473 2187 549 2264 equi,
572 2196 600 2245 et
621 2189 748 2247 braccati
769 2188 868 2246 militis
888 2204 981 2258 arcus,

285 2286 323 2346 Et
343 2289 443 2347 subter
463 2297 565 2365 captos
586 2306 668 2347 arma
689 2287 789 2348 sedere
811 2288 910 2347 duces.

244 2387 313 2464 Ipsa
326 2398 406 2446 tuam
421 2405 503 2446 serva
517 2387 640 2463 prolem,
655 2387 775 2447 Venus:
797 2386 854 2447 hoc
869 2389 906 2447 sit
920 2387 952 2446 in
968 2404 1082 2456 aevum,

285 2485 387 2544 Cernis
408 2487 446 2544 ab
467 2486 570 2545 Aenea
590 2487 671 2564 quod
693 2505 844 2564 superesse
865 2495 960 2564 caput.
1075 2503 1113 2544 ιο

244 2582 356 2644 Praeda
377 2584 411 2642 sit
432 2583 506 2643 haec
528 2584 591 2658 illis,
615 2603 741 2661 qnorum
761 2604 892 2644 meruere
914 2584 1045 2644 labores:

284 2681 330 2741 Mi
350 2692 395 2741 sat
416 2683 469 2742 erit
491 2681 580 2742 Sacra
600 2683 739 2760 plaudere
760 2701 848 2760 posse
866 2684 932 2743 Via.

193 2869 220 2916 5.
233 2868 296 2916 Sera
307 2867 351 2918 sed
359 2872 413 2920 No
458 2870 529 2920 Seres
539 2876 563 2918 et
573 2869 637 2934 conj.
650 2871 808 2932 Gulielmius,
820 2872 879 2923 Bae.
923 2869 1025 2920 venient
1033 2868 1112 2918 Heln·

83 2981 89 2992 ,
160 2930 219 2992 sius,
229 2932 287 2981 Bae.
352 2935 653 2987 e.Adsuescent1sedd.
686 2940 833 2987 Asmescent
840 2940 863 2986 0
897 2935 1045 2986 Adcrescent
1053 2934 1111 2984 Bae.

154 3003 234 3061 parta
243 2998 333 3049 NPer.
391 3005 417 3049 8.
434 3001 494 3065 equi
503 3004 557 3050 No
591 3002 649 3052 Bae.
661 3002 724 3066 conj.
735 3019 807 3066 equos
817 3003 866 3052 and
876 3001 960 3051 writes
969 3001 1110 3063 Armigcri.

160 3068 198 3111 11.
217 3062 291 3113 Some
302 3063 375 3116 MSS.
386 3066 450 3116 have
460 3067 577 3116 numina.
634 3071 675 3117 13.
692 3075 849 3118 oneratam
860 3068 973 3116 Muretus
998 3072 1112 3115 oneratos

159 3143 219 3177 axes
230 3128 302 3178 MSS.
315 3130 402 3181 Hertz.
410 3132 471 3181 Bae.
537 3135 579 3183 1⁶.
597 3134 655 3183 Bae.
667 3133 751 3183 thinks
761 3133 841 3182 nixres
851 3139 958 3196 corrupt,
966 3147 993 3180 as
1004 3136 1110 3194 spectare

160 3193 233 3270 peeds
244 3210 276 3244 an
287 3194 375 3258 object,
389 3197 560 3274 andtsuggests
569 3199 681 3274 ememor.
708 3200 750 3248 He
762 3198 783 3247 is
811 3200 861 3249 uite
872 3214 964 3262 wrong.
987 3198 1111 3272 'spectare

159 3259 323 3376 sessi
338 3263 399 3378 sss
414 3263 922 3392 {lfflbtlilttssblmiti
944 3261 1110 3378 Qum

160 3364 346 3444 brosetae
383 3365 551 3446 r'rtz'earm.
598 3368 604 3388 ’
910 3365 917 3378 ’
1040 3364 1047 3378 ’

609 3480 658 3522 Η
