2574 3818
165 191 226 243 102
366 182 641 254 PROPERTIUS,
665 188 713 237 1v.
740 193 799 248 11.‚
824 199 919 250 73-90.

163 376 283 424 73-78.
301 370 366 420 And
383 386 441 420 now
455 371 476 420 I
489 369 618 419 commend
633 377 657 419 to
675 370 729 419 thee
745 385 794 419 our
808 383 881 418 sons:
893 369 957 433 play
972 367 1033 430 theu
1051 383 1069 416 a
1091 397 1093 400 -

245 447 360 498 mothcr’s
365 455 430 513 part
438 456 463 497 to
474 449 549 509 them,
561 448 616 498 and
624 448 676 498 add
684 464 727 511 my
736 448 811 498 kisses
821 455 845 496 to
856 448 926 496 thim
936 463 1003 496 oron.

175 615 197 634 Γ
244 551 333 609 Nunc
354 551 407 610 tr'bi
427 551 606 610 commendo
627 551 796 610 communia
816 550 941 627 pignora
961 558 1064 608 natos:

196 649 200 660 ’
285 650 371 708 Haec
392 668 461 707 cura
482 659 511 707 et
532 649 620 708 cineri
643 649 730 725 spirat
751 649 845 706 inusta
866 667 945 707 meo.
987 713 988 716 Ἴ

245 748 380 824 Fungere
401 748 540 805 maternis
560 748 679 819 vicibus,
700 758 799 824 pater:
823 747 872 805 illa
892 765 1028 806 meorum
1079 760 1117 820 75

286 841 392 908 Omnis
413 848 467 906 erit
488 847 564 907 collo
585 849 670 906 turba
691 846 811 905 ferenda
832 857 893 905 tuo.

246 935 355 1006 Osculir
376 964 443 1004 eum
465 945 579 1004 dederis
600 956 649 1003 tua
670 945 815 1017 flentibus,
837 945 918 1003 adice
940 944 1057 1002 matris:

285 1045 366 1104 Tota
387 1044 495 1103 domus
517 1045 612 1120 coepit
633 1062 711 1102 nunc
733 1062 809 1103 onus
830 1062 894 1125 esee
916 1053 1006 1101 tuum.

164 1232 283 1280 ’ru-84.
303 1229 350 1276 Let
361 1227 426 1276 tlum
437 1243 474 1276 see
482 1243 514 1275 no
524 1234 590 1276 tears
600 1233 667 1290 upon
675 1226 720 1290 thy
728 1226 797 1276 cheek
805 1242 819 1286 ‚·
834 1227 929 1290 enough
941 1226 997 1275 that
1008 1225 1068 1274 thou

242 1305 329 1368 grieve
336 1305 384 1369 for
398 1320 436 1354 me
453 1304 483 1367 by
499 1304 581 1368 night,
598 1304 653 1354 and
666 1304 739 1370 speak
755 1311 779 1354 to
795 1304 863 1353 mine
880 1304 961 1368 image
978 1304 1007 1352 in
1024 1303 1068 1366 thy
1089 1363 1090 1366 Ἴ

244 1383 368 1431 chambcr.

225 1491 283 1571 ¹Et
305 1493 328 1550 si
350 1492 421 1568 quid
442 1491 583 1551 doliturus
604 1493 669 1564 eru,
691 1492 753 1550 sine
775 1491 896 1550 testibus
916 1461 988 1550 mig:

286 1591 364 1651 Cum
385 1592 509 1663 venient,
530 1592 613 1650 siccis
634 1591 733 1651 oscula
753 1589 819 1649 falle
841 1591 932 1667 genis,
1078 1593 1117 1648 80

247 1689 297 1748 Sat
319 1691 369 1748 tibi
391 1691 448 1749 sint
469 1699 578 1761 noctes,
601 1709 674 1768 quas
695 1689 731 1748 de
755 1708 812 1760 me,
833 1688 932 1760 Paule,
954 1687 1066 1765 fatigeS,

288 1785 469 1862 Somniaque
491 1785 522 1842 in
543 1785 648 1843 faciem
669 1785 778 1844 credita
799 1802 886 1860 saepe
907 1801 1024 1856 meam3

244 1885 343 1962 Atque
364 1884 414 1942 ubi
437 1892 547 1942 secreto
568 1893 669 1942 nostra
689 1884 727 1942 ad
748 1883 902 1941 simulacra
922 1881 1060 1959 loqueriS‚

286 1979 329 2037 Ut
348 1996 541 2054 responsurae
563 1977 676 2055 singula
696 1979 785 2037 verba
805 1978 877 2036 iace.

164 2156 285 2202 85—00.
302 2149 337 2214 If
340 2149 381 2198 the
391 2147 464 2196 couclc
476 2148 502 2197 be
519 2155 611 2197 strewn
620 2148 669 2213 sor
683 2149 790 2197 another
804 2149 872 2212 wife,
884 2164 925 2211 my
935 2164 998 2208 sons,
1011 2148 1069 2196 bear

246 2227 309 2276 with
322 2227 368 2275 her
375 2242 387 2285 ;
403 2225 496 2275 subdue
506 2226 553 2275 lter
567 2227 618 2275 love
634 2227 664 2290 by
671 2227 825 2291 gmtlemss:
842 2243 891 2276 nor
901 2227 990 2292 praise
1000 2242 1070 2289 your

245 2305 341 2354 mother
349 2320 407 2353 over
417 2304 499 2354 much.

248 2416 306 2474 Seu
326 2424 426 2472 tamen
447 2413 599 2472 adversum
620 2416 737 2472 mutarit
757 2416 844 2472 ianua
864 2414 980 2486 lectum,
1065 2406 1118 2488 ι85

289 2512 402 2572 Sederit
423 2522 452 2570 et
472 2522 574 2571 nostro
594 2524 680 2572 cauta
699 2533 824 2573 noverea
844 2524 920 2586 t0r0,

247 2611 435 2686 Coniugium,
457 2611 548 2687 pueri,
570 2611 684 2670 laudate
706 2623 734 2671 et
755 2611 825 2671 ferte
846 2624 1017 2688 paternum:

288 2709 383 2786 Capta
405 2708 485 2767 dabit
505 2709 606 2768 vestris
626 2711 756 2769 moribus
776 2710 825 2769 illa
845 2729 959 2769 manus.

247 2808 310 2868 Nec
331 2817 456 2866 matrem
476 2806 593 2866 laudate
613 2808 716 2868 nimis:
746 2809 862 2868 conlata
882 2810 970 2886 priori

286 2907 388 2965 Vertet
409 2906 440 2963 in
461 2905 589 2964 offensas
609 2906 700 2965 libera
719 2909 807 2965 verba
828 2925 903 2966 suas,
1078 2925 1119 2982 90

197 3111 243 3160 76.
252 3105 363 3171 serenda
376 3109 400 3154 0
438 3106 532 3155 ovenda
544 3105 659 3164 Mueller,
671 3106 729 3155 Bae.
780 3112 823 3159 77.
841 3106 965 3155 matrisz
993 3114 1075 3156 mater
1085 3109 1118 3156 0.

165 3177 210 3226 79.
228 3172 293 3235 quid
302 3171 435 3221 uv²ed.
464 3172 558 3234 quisO
591 3171 739 3221 eriszedd.
773 3173 824 3220 erit
833 3175 919 3232 170.Ι
966 3177 1008 3220 81.
1025 3173 1119 3221 sintN

164 3240 269 3287 sunto.
329 3240 374 3286 84.
391 3236 474 3285 iaccz
508 3243 560 3286 tace
571 3239 633 3286 ΝΟ.
692 3241 738 3286 86.
756 3238 828 3286 thoro
840 3240 902 3286 FN.
964 3242 1009 3290 87.
1021 3237 1121 3301 placati

157 3303 228 3366 ferte
241 3302 354 3352 Mueller.
422 3306 468 3351 89.
486 3303 585 3351 conlata
601 3305 630 3351 N
662 3304 750 3352 collata
759 3305 792 3387 (J
