2574 3818
374 219 649 290 PROPERTIUS,
672 226 726 277 ΙΙΙ.
751 226 790 294 7.,
815 223 892 276 1-26.
1071 223 1111 294 71

245 385 295 445 Tu
315 386 390 445 vitiis
411 386 565 445 hominum
587 385 714 445 crudelia
735 385 843 462 pabula
863 387 1003 462 praebes:

287 483 405 544 Semina
425 503 560 544 curarum
582 484 619 543 de
640 485 736 561 capite
757 493 820 550 orta
840 494 900 544 tuo.

160 707 164 718 ·
182 691 282 738 5-12.
299 684 357 736 'Tis
367 687 427 735 thou
438 687 496 735 tan
506 685 628 736 whelnnd
636 687 720 735 Paetus
731 686 761 735 in
770 686 811 736 ttn
820 686 897 750 deep!
927 687 984 736 Far
992 685 1066 752 offn

246 764 298 825 lies,
309 779 335 813 so
339 779 435 828 young,
448 763 529 813 where
540 779 572 812 no
583 763 680 813 mother
688 779 735 813 can
746 765 808 814 tend
815 764 857 813 tiis
868 765 987 826 remains,
1000 764 1065 814 with

148 853 151 859 '
246 842 287 891 tte
297 841 361 891 wide
375 841 533 906 Carpathian
537 840 705 906 stratoni!

246 954 296 1014 Tu
316 953 438 1014 Paetum
459 954 496 1013 ad
516 954 637 1014 Pharios
658 955 826 1014 tendentem
847 954 935 1013 lintea
955 945 1067 1032 portus'
1095 969 1113 1031 5

287 1053 394 1113 Obruis
415 1054 518 1112 insano
538 1062 639 1130 terque
659 1062 819 1131 quaterque
839 1053 923 1112 mari.

246 1150 326 1209 Nam
340 1152 420 1211 dum
440 1163 469 1211 te
490 1151 627 1228 sequitur,
648 1151 744 1227 primo
764 1152 854 1210 miser
874 1151 983 1210 excidit
1002 1168 1085 1224 aevo,

287 1248 326 1308 Et
345 1267 422 1309 nova
442 1249 610 1327 longinquis
631 1249 759 1328 piscibus
780 1267 848 1308 esca
868 1258 948 1307 natat
958 1268 968 1323 3

245 1347 285 1406 Et
304 1356 398 1407 mater
420 1367 482 1409 non
501 1348 577 1407 iusta
597 1348 662 1424 piae
683 1348 752 1406 dare
773 1347 871 1406 debita
891 1355 993 1418 terrae,

287 1445 352 1506 Nec
373 1457 443 1523 pote
464 1424 606 1525 cognatos
627 1447 701 1505 inter
720 1447 842 1505 humare
864 1463 961 1523 rogos,
1079 1463 1115 1506 ro

248 1544 305 1605 Sed
326 1555 377 1604 tua
397 1564 477 1605 nunc
496 1544 628 1604 volucres
648 1554 743 1604 astant
764 1563 852 1621 super
872 1563 940 1606 ossa
961 1544 1101 1616 marinae,

286 1643 376 1703 Nunc
390 1627 512 1722 tibipro
527 1643 638 1702 tumulo
653 1642 846 1720 Carpathium
863 1661 952 1702 omne
967 1661 1048 1702 mare
1062 1654 1115 1704 est.

166 1845 285 1890 13—18.
309 1840 385 1890 What
394 1840 469 1904 spoils
479 1839 552 1889 nant
563 1839 623 1888 ttou
634 1839 693 1890 ltere
703 1845 727 1889 to
734 1839 805 1904 gain,
821 1841 892 1889 crnel
900 1840 1016 1905 Aquilo?
1044 1841 1067 1890 0

246 1917 370 1982 Neptune.
382 1919 441 1980 why
451 1918 531 1967 wrcck
545 1919 586 1967 the
601 1917 735 1970 innocent?
772 1919 847 1967 These
857 1925 949 1968 waters
960 1918 1024 1968 nave
1035 1933 1067 1968 no

251 1995 313 2044 Gods
322 2001 347 2044 to
357 1995 419 2045 hear
429 1997 489 2050 thee,
500 1996 592 2045 Poetus.

248 2107 352 2166 Infelix
373 2108 490 2185 Aquilo,
512 2117 613 2184 raptae
635 2108 722 2167 timor
744 2107 903 2185 Orithyiae,

248 2233 249 2238 ¹
289 2207 374 2280 Quae
395 2207 488 2283 spolia
509 2225 546 2266 ex
567 2206 618 2265 illo
638 2216 719 2267 tanta
740 2206 820 2266 suere
840 2207 912 2266 tibi?

248 2304 307 2364 Aut
328 2305 470 2384 quidnam
492 2304 583 2363 fracta
603 2305 723 2380 gaudes,
746 2303 893 2381 Neptune,
915 2305 1034 2366 carina?
1079 2319 1115 2380 15

289 2402 427 2462 Portabat
448 2412 565 2461 sanctos
587 2401 683 2461 alveus
704 2402 751 2461 ille
772 2404 858 2462 viros.

248 2501 345 2572 Paete,
367 2501 439 2579 quid
460 2510 584 2560 aetatem
604 2502 760 2561 numeras?
788 2501 861 2579 quid
882 2492 950 2561 cara
970 2499 1083 2560 natanti

289 2598 386 2659 Mater
406 2600 437 2658 in
457 2618 509 2658 ore
529 2600 582 2659 tibi
603 2601 667 2660 est?
695 2619 757 2660 non
778 2599 866 2659 habet
886 2600 967 2660 unda
986 2599 1067 2660 deos

170 2801 288 2846 tet-2⁴.
304 2796 339 2846 In
349 2795 391 2845 the
400 2795 465 2845 dark
475 2802 552 2844 sturm
567 2793 608 2845 tte
621 2795 686 2844 cable
695 2796 789 2859 partcd
799 2795 855 2845 and
862 2795 922 2844 thou
933 2801 997 2844 wast
1007 2795 1068 2846 lost:

248 2888 308 2924 even
318 2889 344 2922 so
355 2889 407 2922 was
418 2873 464 2922 lost
471 2874 620 2936 Argynnus,
633 2873 695 2923 deor
705 2879 729 2922 to
740 2875 921 2937 Agamemnon.

249 2985 330 3046 Nam
350 2986 402 3044 tibi
423 2985 573 3044 nocturnis
594 2985 632 3043 ad
653 3005 724 3045 saxa
745 2987 833 3062 ligata
853 2984 987 3062 procellis

290 3084 400 3144 Omnia
422 3084 526 3144 detrito
546 3083 661 3142 vincula
682 3084 751 3142 fune
771 3084 888 3143 cadunt.
1078 3099 1116 3142 20

201 3287 227 3333 5.
248 3290 337 3346 petum
359 3286 414 3332 FN
443 3289 545 3347 pontum
566 3287 628 3341 VD,
651 3283 810 3348 throughout.
909 3287 948 3332 11.
974 3288 1059 3332 astant
1081 3284 1119 3332 Ν.

168 3353 210 3400 18.
228 3349 278 3400 tibi
287 3350 317 3399 in
327 3365 367 3400 ore
377 3355 412 3399 est
424 3352 453 3398 N
485 3365 537 3399 non
544 3356 620 3415 pavet
631 3349 700 3399 unda
711 3349 765 3400 deos
776 3351 908 3400 Burmann.
