<?xml version="1.0" encoding="UTF-8"?>
<!DOCTYPE html PUBLIC "-//W3C//DTD XHTML 1.0 Transitional//EN"
    "http://www.w3.org/TR/xhtml1/DTD/xhtml1-transitional.dtd">
<html xmlns="http://www.w3.org/1999/xhtml" xml:lang="en" lang="en">
 <head>
  <title>
</title>
<meta http-equiv="Content-Type" content="text/html;charset=utf-8" />
  <meta name='ocr-system' content='tesseract 3.04.00' />
  <meta name='ocr-capabilities' content='ocr_page ocr_carea ocr_par ocr_line ocrx_word'/>
</head>
<body>
  <div class='ocr_page' id='page_1' title='image "./selectionsfromt01propgoog_0112.png"; bbox 0 0 2574 3818; ppageno 0'>
   <div class='ocr_carea' id='block_1_1' title="bbox 395 166 1119 243">
    <p class='ocr_par' dir='ltr' id='par_1_1' title="bbox 395 166 1119 243">
     <span class='ocr_line' id='line_1_1' title="bbox 395 166 1119 243; baseline 0.004 -21"><span class='ocrx_word' id='word_1_1' title='bbox 395 166 667 238; x_wconf 79' lang='lat' dir='ltr'>PROPERTIUS,</span> <span class='ocrx_word' id='word_1_2' title='bbox 689 173 728 228; x_wconf 90' lang='lat'>11.</span> <span class='ocrx_word' id='word_1_3' title='bbox 756 171 889 241; x_wconf 81' lang='lat'>1.,1-36.</span> <span class='ocrx_word' id='word_1_4' title='bbox 1075 172 1119 243; x_wconf 86' lang='lat'>45</span> 
     </span>
    </p>
   </div>
   <div class='ocr_carea' id='block_1_2' title="bbox 165 323 1119 1302">
    <p class='ocr_par' dir='ltr' id='par_1_2' title="bbox 165 323 1119 1302">
     <span class='ocr_line' id='line_1_2' title="bbox 249 323 1058 414; baseline 0 -21"><span class='ocrx_word' id='word_1_5' title='bbox 249 333 321 394; x_wconf 92' lang='lat' dir='ltr'>Non</span> <span class='ocrx_word' id='word_1_6' title='bbox 341 351 397 411; x_wconf 85' lang='lat' dir='ltr'>ego</span> <span class='ocrx_word' id='word_1_7' title='bbox 418 323 706 408; x_wconf 64' lang='lat' dir='ltr'>Titanas&#39;canerem,</span> <span class='ocrx_word' id='word_1_8' title='bbox 720 324 789 393; x_wconf 81' lang='lat' dir='ltr'>¹non</span> <span class='ocrx_word' id='word_1_9' title='bbox 810 333 908 395; x_wconf 87' lang='lat' dir='ltr'>Ossan</span> <span class='ocrx_word' id='word_1_10' title='bbox 928 334 1058 414; x_wconf 87' lang='lat' dir='ltr'>Olympo</span> 
     </span>
     <span class='ocr_line' id='line_1_3' title="bbox 289 417 1119 510; baseline 0.004 -19"><span class='ocrx_word' id='word_1_11' title='bbox 289 432 471 510; x_wconf 90' lang='lat' dir='ltr'>Impositam,</span> <span class='ocrx_word' id='word_1_12' title='bbox 493 441 524 491; x_wconf 92' lang='lat' dir='ltr'>ut</span> <span class='ocrx_word' id='word_1_13' title='bbox 545 432 618 493; x_wconf 86' lang='lat' dir='ltr'>caeli</span> <span class='ocrx_word' id='word_1_14' title='bbox 639 431 741 491; x_wconf 88' lang='lat' dir='ltr'>Pelion</span> <span class='ocrx_word' id='word_1_15' title='bbox 762 442 839 492; x_wconf 90' lang='lat' dir='ltr'>esset</span> <span class='ocrx_word' id='word_1_16' title='bbox 858 417 920 507; x_wconf 83' lang='lat' dir='ltr'>iter,</span> <span class='ocrx_word' id='word_1_17' title='bbox 1081 453 1119 495; x_wconf 81' lang='lat'>20</span> 
     </span>
     <span class='ocr_line' id='line_1_4' title="bbox 249 529 1008 608; baseline 0.001 -18"><span class='ocrx_word' id='word_1_18' title='bbox 249 530 320 591; x_wconf 91' lang='lat' dir='ltr'>Non</span> <span class='ocrx_word' id='word_1_19' title='bbox 347 540 459 591; x_wconf 89' lang='lat' dir='ltr'>veteres</span> <span class='ocrx_word' id='word_1_20' title='bbox 486 530 614 606; x_wconf 81' lang='lat' dir='ltr'>Thebas,</span> <span class='ocrx_word' id='word_1_21' title='bbox 645 549 699 590; x_wconf 88' lang='lat' dir='ltr'>nec</span> <span class='ocrx_word' id='word_1_22' title='bbox 727 529 872 608; x_wconf 86' lang='lat' dir='ltr'>Pergama</span> <span class='ocrx_word' id='word_1_23' title='bbox 898 551 1008 594; x_wconf 87' lang='lat' dir='ltr'>nomen</span> 
     </span>
     <span class='ocr_line' id='line_1_5' title="bbox 371 629 503 703; baseline -0.008 -14"><span class='ocrx_word' id='word_1_24' title='bbox 371 629 503 703; x_wconf 89' lang='lat' dir='ltr'>Homeri,</span> 
     </span>
     <span class='ocr_line' id='line_1_6' title="bbox 289 729 896 807; baseline 0.003 -19"><span class='ocrx_word' id='word_1_25' title='bbox 289 729 395 789; x_wconf 85' lang='lat' dir='ltr'>Xerxis</span> <span class='ocrx_word' id='word_1_26' title='bbox 416 739 445 789; x_wconf 90' lang='lat' dir='ltr'>et</span> <span class='ocrx_word' id='word_1_27' title='bbox 465 730 587 807; x_wconf 90' lang='lat' dir='ltr'>imperio</span> <span class='ocrx_word' id='word_1_28' title='bbox 607 732 678 791; x_wconf 86' lang='lat' dir='ltr'>bina</span> <span class='ocrx_word' id='word_1_29' title='bbox 698 732 793 793; x_wconf 90' lang='lat' dir='ltr'>coisse</span> <span class='ocrx_word' id='word_1_30' title='bbox 812 729 896 802; x_wconf 86' lang='lat' dir='ltr'>vada,</span> 
     </span>
     <span class='ocr_line' id='line_1_7' title="bbox 165 817 1038 906; baseline 0.005 -20"><span class='ocrx_word' id='word_1_31' title='bbox 165 851 166 857; x_wconf 45' lang='lat'>¹</span> <span class='ocrx_word' id='word_1_32' title='bbox 250 828 389 906; x_wconf 88' lang='lat' dir='ltr'>Regnave</span> <span class='ocrx_word' id='word_1_33' title='bbox 410 829 506 905; x_wconf 87' lang='lat' dir='ltr'>prima</span> <span class='ocrx_word' id='word_1_34' title='bbox 527 828 623 902; x_wconf 89' lang='lat' dir='ltr'>Remi,</span> <span class='ocrx_word' id='word_1_35' title='bbox 645 840 694 890; x_wconf 91' lang='lat' dir='ltr'>aut</span> <span class='ocrx_word' id='word_1_36' title='bbox 715 832 830 891; x_wconf 89' lang='lat' dir='ltr'>animos</span> <span class='ocrx_word' id='word_1_37' title='bbox 852 817 1038 906; x_wconf 69' lang='lat' dir='ltr'>Carthaginis</span> 
     </span>
     <span class='ocr_line' id='line_1_8' title="bbox 370 926 453 1001; baseline 0.024 -16"><span class='ocrx_word' id='word_1_38' title='bbox 370 926 453 1001; x_wconf 90' lang='lat' dir='ltr'>altae,</span> 
     </span>
     <span class='ocr_line' id='line_1_9' title="bbox 290 1024 988 1104; baseline 0 -20"><span class='ocrx_word' id='word_1_39' title='bbox 290 1024 533 1104; x_wconf 87' lang='lat' dir='ltr'>Cimbrorumque</span> <span class='ocrx_word' id='word_1_40' title='bbox 553 1027 649 1088; x_wconf 90' lang='lat' dir='ltr'>minas</span> <span class='ocrx_word' id='word_1_41' title='bbox 670 1039 699 1088; x_wconf 92' lang='lat' dir='ltr'>et</span> <span class='ocrx_word' id='word_1_42' title='bbox 718 1026 872 1088; x_wconf 83' lang='lat' dir='ltr'>benefacta</span> <span class='ocrx_word' id='word_1_43' title='bbox 893 1025 988 1085; x_wconf 89' lang='lat' dir='ltr'>Mari:</span> 
     </span>
     <span class='ocr_line' id='line_1_10' title="bbox 250 1121 1118 1206; baseline 0.003 -25"><span class='ocrx_word' id='word_1_44' title='bbox 250 1121 388 1202; x_wconf 88' lang='lat' dir='ltr'>Bellaque</span> <span class='ocrx_word' id='word_1_45' title='bbox 401 1143 504 1202; x_wconf 89' lang='lat' dir='ltr'>resque</span> <span class='ocrx_word' id='word_1_46' title='bbox 519 1127 560 1185; x_wconf 90' lang='lat' dir='ltr'>tui</span> <span class='ocrx_word' id='word_1_47' title='bbox 575 1144 770 1187; x_wconf 83' lang='lat' dir='ltr'>memorarem</span> <span class='ocrx_word' id='word_1_48' title='bbox 784 1125 926 1198; x_wconf 87' lang='lat' dir='ltr'>Caesaris,</span> <span class='ocrx_word' id='word_1_49' title='bbox 941 1135 971 1184; x_wconf 91' lang='lat' dir='ltr'>et</span> <span class='ocrx_word' id='word_1_50' title='bbox 984 1135 1017 1184; x_wconf 95' lang='lat' dir='ltr'>tu</span> <span class='ocrx_word' id='word_1_51' title='bbox 1081 1139 1118 1206; x_wconf 70' lang='lat'>25</span> 
     </span>
     <span class='ocr_line' id='line_1_11' title="bbox 291 1221 1000 1302; baseline 0.004 -20"><span class='ocrx_word' id='word_1_52' title='bbox 291 1221 415 1283; x_wconf 87' lang='lat' dir='ltr'>Caesare</span> <span class='ocrx_word' id='word_1_53' title='bbox 437 1225 493 1283; x_wconf 94' lang='lat' dir='ltr'>sub</span> <span class='ocrx_word' id='word_1_54' title='bbox 512 1242 623 1302; x_wconf 87' lang='lat' dir='ltr'>magno</span> <span class='ocrx_word' id='word_1_55' title='bbox 644 1244 714 1285; x_wconf 87' lang='lat' dir='ltr'>cura</span> <span class='ocrx_word' id='word_1_56' title='bbox 735 1225 864 1285; x_wconf 89' lang='lat' dir='ltr'>secunda</span> <span class='ocrx_word' id='word_1_57' title='bbox 883 1224 969 1285; x_wconf 84' lang='lat' dir='ltr'>iores.</span> <span class='ocrx_word' id='word_1_58' title='bbox 997 1231 1000 1238; x_wconf 91' lang='lat'>&#39;</span> 
     </span>
    </p>
   </div>
   <div class='ocr_carea' id='block_1_3' title="bbox 169 1454 1119 2783">
    <p class='ocr_par' dir='ltr' id='par_1_3' title="bbox 169 1454 1070 1676">
     <span class='ocr_line' id='line_1_12' title="bbox 169 1454 1070 1520; baseline -0.001 -15"><span class='ocrx_word' id='word_1_59' title='bbox 169 1459 289 1508; x_wconf 70' lang='grc'><strong>27-36.</strong></span> <span class='ocrx_word' id='word_1_60' title='bbox 313 1456 445 1507; x_wconf 75' lang='lat' dir='ltr'>Wherever</span> <span class='ocrx_word' id='word_1_61' title='bbox 463 1457 548 1507; x_wconf 81' lang='lat' dir='ltr'>Coesar</span> <span class='ocrx_word' id='word_1_62' title='bbox 555 1456 656 1520; x_wconf 81' lang='lat' dir='ltr'>fought,</span> <span class='ocrx_word' id='word_1_63' title='bbox 674 1456 802 1507; x_wconf 80' lang='lat' dir='ltr'>wherever</span> <span class='ocrx_word' id='word_1_64' title='bbox 821 1455 904 1506; x_wconf 81' lang='lat' dir='ltr'>Coesar</span> <span class='ocrx_word' id='word_1_65' title='bbox 918 1454 1070 1520; x_wconf 70' lang='lat' dir='ltr'>triumphari,</span> 
     </span>
     <span class='ocr_line' id='line_1_13' title="bbox 249 1533 1070 1598; baseline 0.001 -15"><span class='ocrx_word' id='word_1_66' title='bbox 249 1534 291 1586; x_wconf 80' lang='lat' dir='ltr'>the</span> <span class='ocrx_word' id='word_1_67' title='bbox 307 1534 381 1583; x_wconf 72' lang='lat' dir='ltr'>Musa</span> <span class='ocrx_word' id='word_1_68' title='bbox 398 1534 465 1583; x_wconf 86' lang='lat' dir='ltr'>links</span> <span class='ocrx_word' id='word_1_69' title='bbox 480 1535 526 1598; x_wconf 82' lang='lat' dir='ltr'>thy</span> <span class='ocrx_word' id='word_1_70' title='bbox 542 1549 615 1584; x_wconf 80' lang='lat' dir='ltr'>name</span> <span class='ocrx_word' id='word_1_71' title='bbox 631 1533 695 1583; x_wconf 70' lang='lat' dir='ltr'>with</span> <span class='ocrx_word' id='word_1_72' title='bbox 712 1533 843 1584; x_wconf 78' lang='lat' dir='ltr'>his-true</span> <span class='ocrx_word' id='word_1_73' title='bbox 860 1533 928 1598; x_wconf 74' lang='lat' dir='ltr'>lcyal</span> <span class='ocrx_word' id='word_1_74' title='bbox 944 1534 1022 1596; x_wconf 68' lang='lat' dir='ltr'>beart,</span> <span class='ocrx_word' id='word_1_75' title='bbox 1040 1534 1070 1584; x_wconf 79' lang='lat' dir='ltr'>in</span> 
     </span>
     <span class='ocr_line' id='line_1_14' title="bbox 250 1611 483 1676; baseline 0.004 -16"><span class='ocrx_word' id='word_1_76' title='bbox 250 1611 483 1676; x_wconf 80' lang='lat' dir='ltr'>camporcouncil!</span> 
     </span>
    </p>

    <p class='ocr_par' dir='ltr' id='par_1_4' title="bbox 250 1723 1119 2783">
     <span class='ocr_line' id='line_1_15' title="bbox 251 1723 1070 1802; baseline 0.001 -19"><span class='ocrx_word' id='word_1_77' title='bbox 251 1723 330 1784; x_wconf 89' lang='lat' dir='ltr'>Nam</span> <span class='ocrx_word' id='word_1_78' title='bbox 344 1725 477 1802; x_wconf 89' lang='lat' dir='ltr'>quotiens</span> <span class='ocrx_word' id='word_1_79' title='bbox 491 1723 637 1784; x_wconf 89' lang='lat' dir='ltr'>Mutinam</span> <span class='ocrx_word' id='word_1_80' title='bbox 653 1734 704 1784; x_wconf 91' lang='lat' dir='ltr'>aut</span> <span class='ocrx_word' id='word_1_81' title='bbox 717 1725 809 1784; x_wconf 87' lang='lat' dir='ltr'>civilia</span> <span class='ocrx_word' id='word_1_82' title='bbox 821 1725 906 1783; x_wconf 89' lang='lat' dir='ltr'>busta</span> <span class='ocrx_word' id='word_1_83' title='bbox 919 1723 1070 1802; x_wconf 88' lang='lat' dir='ltr'>Philippos</span> 
     </span>
     <span class='ocr_line' id='line_1_16' title="bbox 291 1822 995 1900; baseline 0 -18"><span class='ocrx_word' id='word_1_84' title='bbox 291 1822 353 1883; x_wconf 88' lang='lat' dir='ltr'>Aut</span> <span class='ocrx_word' id='word_1_85' title='bbox 372 1841 507 1883; x_wconf 91' lang='lat' dir='ltr'>canerem</span> <span class='ocrx_word' id='word_1_86' title='bbox 529 1823 651 1900; x_wconf 88' lang='lat' dir='ltr'>Siculae</span> <span class='ocrx_word' id='word_1_87' title='bbox 663 1824 783 1884; x_wconf 89' lang='lat' dir='ltr'>classica</span> <span class='ocrx_word' id='word_1_88' title='bbox 803 1823 880 1883; x_wconf 89' lang='lat' dir='ltr'>bella</span> <span class='ocrx_word' id='word_1_89' title='bbox 900 1822 995 1900; x_wconf 82' lang='lat' dir='ltr'>fugae,</span> 
     </span>
     <span class='ocr_line' id='line_1_17' title="bbox 250 1921 973 2000; baseline -0.003 -18"><span class='ocrx_word' id='word_1_90' title='bbox 250 1922 431 2000; x_wconf 90' lang='lat' dir='ltr'>Eversosque</span> <span class='ocrx_word' id='word_1_91' title='bbox 451 1923 533 1983; x_wconf 87' lang='lat' dir='ltr'>focos</span> <span class='ocrx_word' id='word_1_92' title='bbox 554 1924 690 2000; x_wconf 89' lang='lat' dir='ltr'>antiquae</span> <span class='ocrx_word' id='word_1_93' title='bbox 711 1924 806 2000; x_wconf 88' lang='lat' dir='ltr'>gentis</span> <span class='ocrx_word' id='word_1_94' title='bbox 826 1921 973 1996; x_wconf 83' lang='lat' dir='ltr'>Etruscae,</span> 
     </span>
     <span class='ocr_line' id='line_1_18' title="bbox 290 2020 1118 2099; baseline -0.002 -19"><span class='ocrx_word' id='word_1_95' title='bbox 290 2021 329 2080; x_wconf 88' lang='lat' dir='ltr'>Et</span> <span class='ocrx_word' id='word_1_96' title='bbox 350 2021 528 2081; x_wconf 88' lang='lat' dir='ltr'>Ptolomaeei</span> <span class='ocrx_word' id='word_1_97' title='bbox 548 2020 634 2081; x_wconf 88' lang='lat' dir='ltr'>litora</span> <span class='ocrx_word' id='word_1_98' title='bbox 655 2032 741 2099; x_wconf 87' lang='lat' dir='ltr'>capta</span> <span class='ocrx_word' id='word_1_99' title='bbox 761 2020 857 2092; x_wconf 86' lang='lat' dir='ltr'>Phari,</span> <span class='ocrx_word' id='word_1_100' title='bbox 1079 2040 1118 2097; x_wconf 87' lang='lat'>30</span> 
     </span>
     <span class='ocr_line' id='line_1_19' title="bbox 251 2118 1014 2198; baseline 0 -19"><span class='ocrx_word' id='word_1_101' title='bbox 251 2120 311 2180; x_wconf 91' lang='lat' dir='ltr'>Aut</span> <span class='ocrx_word' id='word_1_102' title='bbox 324 2139 460 2180; x_wconf 85' lang='lat' dir='ltr'>canerem</span> <span class='ocrx_word' id='word_1_103' title='bbox 473 2119 643 2198; x_wconf 85' lang='lat' dir='ltr'>Aegyptum</span> <span class='ocrx_word' id='word_1_104' title='bbox 657 2129 686 2178; x_wconf 89' lang='lat' dir='ltr'>et</span> <span class='ocrx_word' id='word_1_105' title='bbox 700 2118 810 2190; x_wconf 89' lang='lat' dir='ltr'>Nilum,</span> <span class='ocrx_word' id='word_1_106' title='bbox 825 2136 893 2177; x_wconf 92' lang='lat' dir='ltr'>cum</span> <span class='ocrx_word' id='word_1_107' title='bbox 907 2128 1014 2179; x_wconf 88' lang='lat' dir='ltr'>tractus</span> 
     </span>
     <span class='ocr_line' id='line_1_20' title="bbox 373 2219 529 2277; baseline 0.013 -2"><span class='ocrx_word' id='word_1_108' title='bbox 373 2219 404 2276; x_wconf 90' lang='lat' dir='ltr'>in</span> <span class='ocrx_word' id='word_1_109' title='bbox 425 2220 529 2277; x_wconf 90' lang='lat' dir='ltr'>urbem</span> 
     </span>
     <span class='ocr_line' id='line_1_21' title="bbox 293 2311 870 2390; baseline -0.003 -18"><span class='ocrx_word' id='word_1_110' title='bbox 293 2312 413 2390; x_wconf 87' lang='lat' dir='ltr'>Septem</span> <span class='ocrx_word' id='word_1_111' title='bbox 434 2312 554 2389; x_wconf 86' lang='lat' dir='ltr'>captivis</span> <span class='ocrx_word' id='word_1_112' title='bbox 575 2311 678 2371; x_wconf 90' lang='lat' dir='ltr'>debilis</span> <span class='ocrx_word' id='word_1_113' title='bbox 698 2311 757 2371; x_wconf 87' lang='lat' dir='ltr'>ibat</span> <span class='ocrx_word' id='word_1_114' title='bbox 778 2311 870 2388; x_wconf 90' lang='lat' dir='ltr'>aquis,</span> 
     </span>
     <span class='ocr_line' id='line_1_22' title="bbox 252 2409 997 2489; baseline -0.001 -18"><span class='ocrx_word' id='word_1_115' title='bbox 252 2412 312 2471; x_wconf 91' lang='lat' dir='ltr'>Aut</span> <span class='ocrx_word' id='word_1_116' title='bbox 331 2429 434 2489; x_wconf 84' lang='lat' dir='ltr'>regum</span> <span class='ocrx_word' id='word_1_117' title='bbox 455 2411 562 2470; x_wconf 88' lang='lat' dir='ltr'>auratis</span> <span class='ocrx_word' id='word_1_118' title='bbox 583 2410 761 2470; x_wconf 86' lang='lat' dir='ltr'>circumdata</span> <span class='ocrx_word' id='word_1_119' title='bbox 782 2409 858 2469; x_wconf 90' lang='lat' dir='ltr'>colla</span> <span class='ocrx_word' id='word_1_120' title='bbox 879 2410 997 2484; x_wconf 90' lang='lat' dir='ltr'>catenis,</span> 
     </span>
     <span class='ocr_line' id='line_1_23' title="bbox 292 2499 941 2587; baseline 0 -19"><span class='ocrx_word' id='word_1_121' title='bbox 292 2509 434 2587; x_wconf 87' lang='lat' dir='ltr'>Actiaque</span> <span class='ocrx_word' id='word_1_122' title='bbox 455 2509 485 2567; x_wconf 89' lang='lat' dir='ltr'>in</span> <span class='ocrx_word' id='word_1_123' title='bbox 507 2507 596 2568; x_wconf 85' lang='lat' dir='ltr'>Sacra</span> <span class='ocrx_word' id='word_1_124' title='bbox 617 2499 732 2568; x_wconf 90' lang='lat' dir='ltr'>currere</span> <span class='ocrx_word' id='word_1_125' title='bbox 752 2519 845 2567; x_wconf 92' lang='lat' dir='ltr'>rostra</span> <span class='ocrx_word' id='word_1_126' title='bbox 865 2507 941 2568; x_wconf 89' lang='lat' dir='ltr'>Via:</span> 
     </span>
     <span class='ocr_line' id='line_1_24' title="bbox 252 2606 1119 2686; baseline 0.001 -20"><span class='ocrx_word' id='word_1_127' title='bbox 252 2606 298 2666; x_wconf 90' lang='lat' dir='ltr'>Te</span> <span class='ocrx_word' id='word_1_128' title='bbox 319 2626 386 2667; x_wconf 88' lang='lat' dir='ltr'>mea</span> <span class='ocrx_word' id='word_1_129' title='bbox 406 2606 495 2666; x_wconf 88' lang='lat' dir='ltr'>Musa</span> <span class='ocrx_word' id='word_1_130' title='bbox 515 2606 578 2666; x_wconf 76' lang='lat' dir='ltr'>illis&#39;</span> <span class='ocrx_word' id='word_1_131' title='bbox 592 2624 707 2684; x_wconf 90' lang='lat' dir='ltr'>semper</span> <span class='ocrx_word' id='word_1_132' title='bbox 728 2616 897 2666; x_wconf 85' lang='lat' dir='ltr'>contexeret</span> <span class='ocrx_word' id='word_1_133' title='bbox 917 2609 1014 2683; x_wconf 89' lang='lat' dir='ltr'>armis,</span> <span class='ocrx_word' id='word_1_134' title='bbox 1081 2625 1119 2686; x_wconf 83' lang='lat'>35</span> 
     </span>
     <span class='ocr_line' id='line_1_25' title="bbox 291 2704 949 2783; baseline -0.002 -18"><span class='ocrx_word' id='word_1_135' title='bbox 291 2706 331 2765; x_wconf 90' lang='lat' dir='ltr'>Et</span> <span class='ocrx_word' id='word_1_136' title='bbox 350 2716 466 2783; x_wconf 85' lang='lat' dir='ltr'>sumpta</span> <span class='ocrx_word' id='word_1_137' title='bbox 486 2716 514 2765; x_wconf 91' lang='lat' dir='ltr'>et</span> <span class='ocrx_word' id='word_1_138' title='bbox 534 2706 631 2783; x_wconf 87' lang='lat' dir='ltr'>posita</span> <span class='ocrx_word' id='word_1_139' title='bbox 651 2722 724 2782; x_wconf 89' lang='lat' dir='ltr'>pace</span> <span class='ocrx_word' id='word_1_140' title='bbox 745 2704 831 2764; x_wconf 90' lang='lat' dir='ltr'>fidele</span> <span class='ocrx_word' id='word_1_141' title='bbox 851 2715 949 2782; x_wconf 85' lang='lat' dir='ltr'>caput.</span> 
     </span>
    </p>
   </div>
   <div class='ocr_carea' id='block_1_4' title="bbox 167 2921 1122 3368">
    <p class='ocr_par' dir='ltr' id='par_1_5' title="bbox 167 2921 1122 3368">
     <span class='ocr_line' id='line_1_26' title="bbox 167 2921 1120 2986; baseline 0.005 -19"><span class='ocrx_word' id='word_1_142' title='bbox 167 2959 169 2966; x_wconf 95' lang='lat'><em>.</em></span> <span class='ocrx_word' id='word_1_143' title='bbox 204 2925 248 2971; x_wconf 74' lang='lat'>20.</span> <span class='ocrx_word' id='word_1_144' title='bbox 261 2921 408 2985; x_wconf 80' lang='lat' dir='ltr'>Impositum</span> <span class='ocrx_word' id='word_1_145' title='bbox 416 2925 498 2972; x_wconf 73' lang='lat' dir='ltr'>MP</span> <span class='ocrx_word' id='word_1_146' title='bbox 507 2923 561 2972; x_wconf 89' lang='lat' dir='ltr'>Per.</span> <span class='ocrx_word' id='word_1_147' title='bbox 578 2923 728 2986; x_wconf 78' lang='lat' dir='ltr'>Impositum</span> <span class='ocrx_word' id='word_1_148' title='bbox 739 2926 793 2971; x_wconf 88' lang='lat' dir='ltr'>DV</span> <span class='ocrx_word' id='word_1_149' title='bbox 801 2923 886 2973; x_wconf 89' lang='lat' dir='ltr'>Hertz.</span> <span class='ocrx_word' id='word_1_150' title='bbox 921 2923 961 2970; x_wconf 82' lang='lat'>21.</span> <span class='ocrx_word' id='word_1_151' title='bbox 969 2923 1120 2986; x_wconf 70' lang='lat' dir='ltr'>pergumll.</span> 
     </span>
     <span class='ocr_line' id='line_1_27' title="bbox 171 2986 1122 3053; baseline 0.002 -17"><span class='ocrx_word' id='word_1_152' title='bbox 171 2989 215 3036; x_wconf 61' lang='grc' dir='ltr'>ΞΒ.</span> <span class='ocrx_word' id='word_1_153' title='bbox 228 2987 530 3052; x_wconf 77' lang='lat' dir='ltr'>XerxiveinpcrioLach.</span> <span class='ocrx_word' id='word_1_154' title='bbox 576 2991 620 3038; x_wconf 84' lang='lat'>30.</span> <span class='ocrx_word' id='word_1_155' title='bbox 632 2989 671 3036; x_wconf 85' lang='lat' dir='ltr'>Et</span> <span class='ocrx_word' id='word_1_156' title='bbox 679 2991 733 3036; x_wconf 82' lang='lat' dir='ltr'>No</span> <span class='ocrx_word' id='word_1_157' title='bbox 762 2986 1013 3047; x_wconf 81' lang='lat' dir='ltr'>autSchrader,Bae.</span> <span class='ocrx_word' id='word_1_158' title='bbox 1043 2990 1122 3053; x_wconf 83' lang='lat' dir='ltr'>ptolo-</span> 
     </span>
     <span class='ocr_line' id='line_1_28' title="bbox 172 3052 1121 3117; baseline 0.001 -15"><span class='ocrx_word' id='word_1_159' title='bbox 172 3053 293 3102; x_wconf 79' lang='lat' dir='ltr'>meneiN</span> <span class='ocrx_word' id='word_1_160' title='bbox 326 3053 474 3102; x_wconf 80' lang='lat' dir='ltr'>Ptolemaeei</span> <span class='ocrx_word' id='word_1_161' title='bbox 484 3053 570 3102; x_wconf 87' lang='lat' dir='ltr'>Hertz.</span> <span class='ocrx_word' id='word_1_162' title='bbox 588 3053 667 3102; x_wconf 87' lang='lat' dir='ltr'>Palm.</span> <span class='ocrx_word' id='word_1_163' title='bbox 679 3052 789 3102; x_wconf 88' lang='lat' dir='ltr'>Mueller</span> <span class='ocrx_word' id='word_1_164' title='bbox 816 3054 1005 3117; x_wconf 79' lang='lat' dir='ltr'>ptholomeaeD</span> <span class='ocrx_word' id='word_1_165' title='bbox 1039 3055 1121 3103; x_wconf 80' lang='lat' dir='ltr'>Ptolo·</span> 
     </span>
     <span class='ocr_line' id='line_1_29' title="bbox 172 3117 1121 3184; baseline 0.002 -18"><span class='ocrx_word' id='word_1_166' title='bbox 172 3118 304 3168; x_wconf 81' lang='lat' dir='ltr'>maeiBae.</span> <span class='ocrx_word' id='word_1_167' title='bbox 337 3121 377 3167; x_wconf 79' lang='lat'>31.</span> <span class='ocrx_word' id='word_1_168' title='bbox 390 3117 563 3178; x_wconf 84' lang='lat' dir='ltr'>EtSchrader,</span> <span class='ocrx_word' id='word_1_169' title='bbox 574 3120 631 3168; x_wconf 89' lang='lat' dir='ltr'>Bae.</span> <span class='ocrx_word' id='word_1_170' title='bbox 641 3119 721 3167; x_wconf 85' lang='lat' dir='ltr'>Palm.</span> <span class='ocrx_word' id='word_1_171' title='bbox 747 3120 865 3168; x_wconf 79' lang='lat' dir='ltr'>Auttto</span> <span class='ocrx_word' id='word_1_172' title='bbox 873 3119 958 3168; x_wconf 87' lang='lat' dir='ltr'>Hertz.</span> <span class='ocrx_word' id='word_1_173' title='bbox 984 3122 1121 3184; x_wconf 73' lang='lat' dir='ltr'>cyptumlil</span> 
     </span>
     <span class='ocr_line' id='line_1_30' title="bbox 175 3183 1122 3248; baseline 0.001 -16"><span class='ocrx_word' id='word_1_174' title='bbox 175 3185 287 3247; x_wconf 76' lang='lat' dir='ltr'>Cypmm</span> <span class='ocrx_word' id='word_1_175' title='bbox 299 3183 353 3233; x_wconf 84' lang='lat' dir='ltr'>Per.</span> <span class='ocrx_word' id='word_1_176' title='bbox 362 3185 507 3233; x_wconf 75' lang='lat' dir='ltr'>DVHerta</span> <span class='ocrx_word' id='word_1_177' title='bbox 540 3186 680 3248; x_wconf 82' lang='lat' dir='ltr'>Aegyptum</span> <span class='ocrx_word' id='word_1_178' title='bbox 691 3184 747 3233; x_wconf 89' lang='lat' dir='ltr'>edd.</span> <span class='ocrx_word' id='word_1_179' title='bbox 790 3185 895 3248; x_wconf 80' lang='lat' dir='ltr'>Captum</span> <span class='ocrx_word' id='word_1_180' title='bbox 907 3186 964 3234; x_wconf 88' lang='lat' dir='ltr'>Bae.</span> <span class='ocrx_word' id='word_1_181' title='bbox 1022 3192 1122 3234; x_wconf 83' lang='lat' dir='ltr'>atratus</span> 
     </span>
     <span class='ocr_line' id='line_1_31' title="bbox 170 3249 1120 3300; baseline 0.001 -2"><span class='ocrx_word' id='word_1_182' title='bbox 170 3249 231 3298; x_wconf 27' lang='lat' dir='ltr'>‘Bae</span> <span class='ocrx_word' id='word_1_183' title='bbox 240 3249 319 3298; x_wconf 81' lang='lat' dir='ltr'>Palm</span> <span class='ocrx_word' id='word_1_184' title='bbox 361 3252 549 3299; x_wconf 65' lang='lat' dir='ltr'>attractatam</span> <span class='ocrx_word' id='word_1_185' title='bbox 592 3252 750 3298; x_wconf 75' lang='lat' dir='ltr'>tractusnv</span> <span class='ocrx_word' id='word_1_186' title='bbox 760 3250 813 3300; x_wconf 89' lang='lat' dir='ltr'>Per.</span> <span class='ocrx_word' id='word_1_187' title='bbox 823 3251 907 3299; x_wconf 88' lang='lat' dir='ltr'>Hertz.</span> <span class='ocrx_word' id='word_1_188' title='bbox 949 3254 1120 3300; x_wconf 63' lang='lat' dir='ltr'>atrectatus!¹</span> 
     </span>
     <span class='ocr_line' id='line_1_32' title="bbox 172 3314 1059 3368; baseline 0.005 -6"><span class='ocrx_word' id='word_1_189' title='bbox 172 3314 257 3364; x_wconf 81' lang='lat' dir='ltr'>urbem</span> <span class='ocrx_word' id='word_1_190' title='bbox 271 3318 298 3362; x_wconf 82' lang='lat' dir='ltr'>N</span> <span class='ocrx_word' id='word_1_191' title='bbox 311 3314 366 3365; x_wconf 89' lang='lat' dir='ltr'>Per.</span> <span class='ocrx_word' id='word_1_192' title='bbox 377 3315 461 3364; x_wconf 84' lang='lat' dir='ltr'>Hertz.</span> <span class='ocrx_word' id='word_1_193' title='bbox 495 3315 556 3364; x_wconf 79' lang='lat' dir='ltr'>urbe</span> <span class='ocrx_word' id='word_1_194' title='bbox 566 3315 645 3365; x_wconf 82' lang='lat' dir='ltr'>Palm.</span> <span class='ocrx_word' id='word_1_195' title='bbox 732 3316 1009 3368; x_wconf 64' lang='lat' dir='ltr'>oecumenium.</span> <span class='ocrx_word' id='word_1_196' title='bbox 1058 3349 1059 3354; x_wconf 59' lang='lat'>=</span> 
     </span>
    </p>
   </div>
   <div class='ocr_carea' id='block_1_5' title="bbox 0 0 1308 3818">
    <p class='ocr_par' dir='ltr' id='par_1_6' title="bbox 0 0 1308 3818">
     <span class='ocr_line' id='line_1_33' title="bbox 0 0 1308 3818; baseline 0 0"><span class='ocrx_word' id='word_1_197' title='bbox 0 0 1308 3818; x_wconf 95' lang='lat' dir='ltr'> </span> 
     </span>
    </p>
   </div>
  </div>
 </body>
</html>
