2574 3818
81 245 84 257 ,
164 182 204 247 82
361 189 712 258 PROPERTJU5,111.
737 200 920 261 aa.‚15-32.

243 354 282 414 Et
302 356 326 414 si
348 373 406 433 qua
428 354 567 433 Ortygiae
588 356 709 414 visenda
730 367 774 416 est
795 375 847 414 ora
869 356 991 433 Caystri,
1080 373 1115 433 15

284 454 323 512 Et
344 473 418 531 quae
440 465 575 531 septenas
595 464 738 531 temperat
759 455 840 514 unda
861 456 930 526 vias,

246 551 356 611 Omnia
377 551 530 612 Romanae
551 553 655 613 cedent
675 553 814 612 miracula
835 564 944 612 terrae:

286 650 398 709 Natura
419 651 466 710 hic
487 652 593 728 posuit,
615 652 758 729 quidquid
778 653 889 730 ubique
903 651 971 746 ‚fnit'

164 949 283 994 10-38.
301 946 325 993 A
349 946 420 1009 truly
433 944 539 1009 famous
561 944 673 993 lanata
693 943 757 992 azad
775 958 833 992 ever
848 941 989 999 victorimus,
1011 955 1069 991 ever

138 1063 140 1067 .
244 1022 362 1086 merciful
367 1039 379 1082 ;
388 1023 450 1088 full
457 1022 549 1086 affair
558 1023 624 1071 lakes
637 1021 692 1070 and
702 1028 827 1080 streams;
843 1020 926 1071 where
937 1036 969 1069 na
978 1034 1067 1084 ravage

244 1117 274 1149 or
284 1101 415 1151 laathsame
425 1101 508 1159 beasts,
520 1117 552 1150 no
567 1100 668 1150 hideaus
682 1099 777 1159 crimes,
790 1114 822 1147 no
835 1099 905 1148 cruel
914 1113 1013 1161 wrangs
1023 1113 1068 1146 are

244 1179 344 1228 known.

243 1323 342 1381 Annis
363 1333 432 1398 apta
453 1322 548 1398 magis
569 1322 656 1382 tellus
675 1339 765 1398 quam
787 1321 946 1380 commoda
968 1339 1072 1392 noxae,

285 1419 416 1492 Famam,
439 1420 545 1494 Roma,
567 1430 634 1479 tuae
655 1439 716 1479 non
737 1420 827 1496 pudet
848 1419 1001 1478 historiae:
1078 1436 1115 1477 ao

244 1518 324 1577 Nam
345 1530 487 1595 quantum
508 1519 584 1578 ferro
604 1528 717 1578 tantum
739 1519 846 1595 pietate
867 1527 1001 1594 potentes

286 1617 421 1677 Stamus:
453 1613 586 1678 victrices
606 1628 750 1695 temperat
771 1617 814 1675 ira
834 1634 949 1675 manus.

244 1717 303 1776 Hic
323 1718 402 1776 Anio
425 1717 557 1776 Tiburne
578 1717 651 1790 fluis,
672 1717 838 1776 Clitumnus
859 1716 897 1774 ab
917 1713 1033 1774 Umbro

285 1815 426 1888 Tramite,
448 1826 477 1876 et
497 1826 648 1875 aeternum
670 1815 799 1874 Marcius
819 1814 926 1895 humor
947 1832 1030 1890 opus,

243 1915 376 1972 Albanus
397 1913 476 1973 lacus
497 1925 526 1973 et
548 1915 619 1974 socii
641 1913 833 1973 Nemorensis
854 1912 1001 1983 abunda,
1076 1929 1113 1988 25

283 2012 413 2090 Potaque
435 2012 561 2073 Pollucis
582 2013 701 2090 lympha
722 2012 845 2071 salubris
864 2028 949 2087 equo.

242 2112 281 2169 At
302 2130 363 2171 non
385 2130 543 2188 squamoso
565 2111 705 2176 labuntur¹
723 2120 822 2170 ventre
843 2118 978 2180 cerastae,

283 2209 356 2267 Itala
376 2210 519 2286 portentis
540 2229 595 2270 nec
616 2209 680 2269 fluit
700 2210 781 2268 unda
802 2209 894 2280 novis

243 2306 313 2366 Non
328 2307 376 2366 hic
390 2308 599 2368 Andromedae
613 2319 752 2369 resonant
766 2326 821 2386 pro
835 2316 928 2366 matre
942 2315 1071 2377 catenae,

284 2403 348 2463 Nec
368 2407 467 2464 tremis
489 2407 645 2480 Ausonias,
667 2407 786 2466 Phoebe
806 2405 913 2482 fugate,
929 2402 1027 2481 dapes,
1074 2421 1112 2479 30

243 2501 306 2562 Nec
327 2503 464 2580 cuiquam
486 2507 621 2565 absentes
644 2516 774 2565 arserunt
794 2505 825 2562 in
845 2512 933 2581 caput
953 2503 1038 2581 ignes

282 2600 412 2660 Exitium
433 2612 503 2663 nato
524 2614 615 2663 matre
636 2616 771 2664 movente
792 2622 854 2676 suo,

193 2830 234 2876 15.
253 2827 368 2892 Corrupt.
398 2826 483 2876 Nand
492 2826 545 2875 Per.
555 2825 618 2875 have
626 2827 665 2875 Et
672 2826 697 2874 si
702 2825 851 2890 quadrigae.
880 2827 957 2877 Lach.
966 2827 1016 2876 and
1026 2826 1112 2876 Hertz.

116 2921 118 2924 ·
159 2894 217 2956 give
227 2890 266 2942 Et
275 2893 300 2941 si
310 2908 360 2957 qua
375 2891 498 2955 Ortygiae.
533 2891 644 2954 Scaliger
655 2891 717 2954 conj.
729 2893 768 2940 Et
783 2893 808 2940 si
821 2893 966 2957 quadrigae.
1001 2893 1058 2942 Bae.
1068 2891 1113 2942 has

160 2960 217 3008 Aut
226 2960 252 3007 si
261 2958 385 3022 quadnga
396 2965 425 3007 et.
460 2957 492 3006 Si
502 2973 581 3020 quave
592 2957 709 3020 olom'gm'
719 2957 740 3006 is
752 2958 778 3006 in
790 2958 832 3007 the
842 2974 920 3022 marg.
932 2959 961 3008 os
969 2959 1011 3007 the
1020 2958 1113 3007 Aldine

160 3025 223 3073 Veu.
239 3037 309 3084 1700.
349 3024 388 3072 Et
398 3038 449 3087 qua
460 3023 554 3086 Gygaaz'
563 3022 653 3072 others.
694 3023 793 3072 Palmer
803 3023 866 3086 conj.
879 3025 917 3073 Et
926 3024 951 3072 si
961 3024 1022 3088 quui
1031 3023 1110 3086 rigui.
1142 3040 1146 3049 ·

160 3094 202 3138 18.
212 3090 337 3152 fuitNO
366 3090 430 3137 nitet
441 3087 561 3136 Heinsius
588 3089 655 3152 viget
665 3089 724 3138 Bae.
764 3091 808 3137 22.
826 3090 868 3138 ira
880 3093 933 3138 ΝΟ
962 3091 1040 3138 z'llaz
1053 3090 1111 3137 Bae.

161 3157 204 3203 23.
227 3155 353 3204 Tirburne
364 3155 434 3218 flues
453 3157 482 3202 N
517 3153 588 3218 fluis
606 3159 635 3203 Ζ.
760 3158 804 3204 25.
822 3155 939 3204 Albanus
959 3155 1024 3203 lacus
1042 3160 1067 3203 et
1082 3157 1111 3202 N

160 3220 261 3268 abunda
273 3224 308 3268 N.
360 3219 444 3269 Hertz.
458 3219 506 3268 and
522 3220 601 3269 Palm.
615 3218 674 3269 read
685 3219 847 3284 Albanasque
859 3222 927 3270 latras
938 3220 987 3270 and
998 3227 1022 3270 et
1032 3219 1110 3268 unda.

161 3289 204 3332 26.
222 3285 368 3347 nymphaeo
401 3285 544 3348 lymphaz.
637 3288 806 3337 27.nunc1u
855 3287 1015 3335 labunturN
1049 3287 1111 3334 laam-

160 3350 301 3399 buntaro.
391 3353 435 3399 28.
445 3350 610 3415 suitunaN
641 3350 711 3411 furit
722 3367 750 3400 or
750 3352 853 3416 fluitz
902 3352 973 3401 unda
984 3351 1068 3401 orara
1080 3353 1110 3400 Ζ.
