2574 3818
398 187 861 278 mmmmwm
1067 212 1105 278 p

215 351 217 358 ¹
239 363 353 437 Quidve
374 367 406 424 in
426 366 589 443 Erythraeo
609 365 714 442 legitur
735 383 812 442 quae
833 365 915 424 litore
937 365 1050 424 coneha
1076 381 1085 402 ‘

279 463 446 542 Tinctaque
469 464 591 525 Sidonio
612 465 722 522 murice
744 464 811 521 lana
832 463 918 534 iuvat,

238 561 276 620 Et
297 582 372 640 quae
392 574 540 640 praeterea
562 562 688 640 populus
708 563 849 620 miratur?
878 563 908 619 in
929 561 984 622 illis

278 661 392 720 Invidia
412 672 473 721 est:
500 661 574 720 falso
594 661 720 739 plurima
740 661 843 737 vulgus
863 670 950 721 amat.
1073 680 1110 719 20

238 757 309 817 Non
323 761 430 836 opibus
445 769 559 819 mentes
572 759 726 818 hominum
741 767 885 836 curaeque
899 758 1048 818 levantur:

280 857 358 916 Nam
379 859 508 918 Fortuna
529 877 581 917 sua
601 869 736 935 tempora
756 857 820 933 lege
841 857 922 932 regit.

243 954 285 1013 Sit
306 957 379 1014 mihi
400 967 555 1034 paupertas
570 967 674 1036 tecum
695 956 832 1029 iucunda,
854 953 987 1015 Neaera:

280 1055 320 1114 At
341 1057 403 1115 sine
424 1067 453 1134 te
474 1075 577 1134 regum
597 1075 719 1115 munera
740 1055 820 1113 nulla
840 1055 916 1114 volo.

157 1259 277 1302 25-38.
297 1253 318 1302 0
330 1254 409 1304 thrice
417 1253 501 1319 brigtt
512 1255 567 1303 and
575 1255 657 1319 happy
668 1254 708 1303 the
719 1253 768 1316 day
778 1253 836 1302 that
849 1252 941 1301 should
950 1252 1009 1316 give
1026 1269 1064 1302 me

239 1331 296 1380 back
312 1347 353 1394 my
364 1333 431 1397 wife,
444 1333 473 1381 in
490 1348 531 1396 my
541 1339 604 1397 poor
619 1333 664 1381 but
673 1331 789 1396 peaccsul
803 1331 891 1380 home!
918 1331 973 1378 But
984 1331 1014 1395 'is
1023 1332 1063 1380 the

172 1402 175 1409 ’
239 1411 313 1458 Fater
328 1426 372 1472 say
389 1426 447 1472 my,
465 1412 524 1461 then
541 1427 599 1475 may
618 1411 697 1461 Orcus
713 1410 763 1458 call
781 1425 818 1458 me
835 1415 858 1458 to
875 1408 917 1458 his
931 1409 995 1458 dark
1011 1411 1066 1458 and

165 1513 168 1517 ·
239 1488 334 1537 dismal
341 1496 453 1539 streame.

142 1640 144 1642 -
240 1602 408 1674 Oniveam‚
424 1621 499 1681 quae
513 1613 542 1662 te
556 1603 662 1682 poterit
676 1601 748 1660 mihi
762 1600 892 1674 reddere,
908 1600 1020 1660 lucem!
1075 1618 1112 1678 25

280 1701 309 1762 Ο
331 1702 401 1760 mihi
423 1702 537 1761 felicem
558 1713 659 1780 terque
681 1711 843 1779 quaterque
865 1701 961 1772 diem!

218 1801 279 1888 ‚At
299 1801 333 1872 si,
354 1820 409 1879 pro
431 1801 509 1860 dulci
530 1802 625 1860 reditu
646 1818 850 1878 quaecumque
872 1811 1020 1872 voventur,

251 1977 256 1984 1
281 1898 390 1958 Audiat
411 1918 511 1958 aversa
531 1919 593 1960 non
614 1918 697 1958 meus
719 1917 786 1958 aure
808 1898 889 1970 deus,

241 1997 312 2058 Non
333 2018 381 2058 me
402 2018 492 2076 regna
512 2000 610 2061 iuvant
630 2018 686 2058 nec
708 1998 818 2075 Lydius
840 1997 944 2056 aurifer
961 1997 1055 2056 amnis

282 2096 346 2157 Nec
367 2117 440 2174 quas
461 2108 602 2157 terrarum
623 2099 743 2156 sustinet
766 2098 845 2158 orbis
868 2115 949 2173 opes.
1075 2115 1113 2170 30

242 2196 327 2256 Haec
349 2196 396 2256 alii
418 2197 543 2274 cupiant,
565 2197 652 2255 liceat
672 2197 744 2255 mihi
765 2214 892 2273 paupere
910 2195 988 2256 cultu

284 2294 393 2355 Securo
414 2314 482 2354 cara
504 2296 630 2372 coniuge
651 2315 737 2372 posse
758 2295 822 2356 [rui.

242 2393 329 2454 Adsis
350 2405 379 2453 et
399 2395 507 2454 timidis
528 2395 634 2467 faveas,
657 2394 801 2465 Saturnia,
822 2393 905 2466 rotie,

282 2493 321 2551 Et
341 2492 438 2552 faveas
459 2493 583 2566 concha,
605 2493 721 2570 Cypria,
746 2503 829 2553 vecta
850 2503 909 2553 tua.

243 2591 303 2650 Aut
324 2592 349 2650 si
368 2591 428 2652 fata
448 2602 558 2669 negant
579 2593 703 2651 reditum
724 2592 877 2667 tristesque
899 2609 1024 2664 sororeS,
1075 2605 1113 2666 35

284 2689 415 2750 Stamina
436 2710 511 2769 quae
533 2691 644 2750 ducunt
665 2708 800 2768 quaeque
822 2690 918 2765 futura
940 2699 1038 2760 neunt,

244 2787 296 2848 Me
317 2800 400 2848 vocet
421 2790 452 2848 in
472 2801 569 2848 vastos
590 2808 692 2848 amnes
714 2789 886 2866 nigramque
907 2787 1044 2865 paludem

284 2887 373 2946 Dives
393 2888 424 2947 in
445 2889 551 2965 ignava
571 2888 680 2946 luridus
703 2886 801 2947 Orcus
821 2906 906 2964 aqua.

195 3088 239 3135 20.
256 3086 363 3135 Invidia
374 3089 443 3136 estG
456 3088 511 3137 Par.
551 3087 646 3136 Invida
658 3102 722 3151 quae
732 3089 795 3136 AV.
883 3088 926 3134 22.
943 3086 1114 3149 regitGPar.

158 3152 227 3215 gerit
237 3155 292 3200 AV
301 3152 365 3200 Fris.
426 3155 470 3200 28.
488 3153 625 3202 adversao
658 3167 746 3201 aversa
757 3149 828 3202 WZ.
892 3154 936 3202 29.
953 3152 1114 3202 NonGPar,

161 3219 274 3278 NchV
317 3217 411 3266 iuvant
419 3221 472 3265 AV
483 3218 539 3266 Par.
577 3219 664 3267 iuvent
676 3221 709 3266 G.
775 3221 820 3268 32.
837 3218 1116 3267 Securovitacmumre

161 3283 216 3332 Par.
291 3285 335 3332 38.
353 3280 425 3331 Assis
437 3286 470 3332 0.
544 3287 588 3333 86.
606 3290 702 3332 canunt
713 3283 803 3347 Heyne
847 3289 938 3346 regunt
949 3283 1003 3332 Dis.
1068 3287 1115 3333 38.

162 3349 242 3398 Dives
253 3347 319 3397 inO
353 3349 426 3397 Ditis
437 3353 491 3398 etz
505 3349 563 3400 Bae⁴
597 3349 670 3398 Ditis
680 3349 711 3398 ab
721 3349 836 3399 Mueller.
