2574 3818
187 136 230 222 96
394 140 669 209 PROPERTIUS‚
692 149 742 199 1v.
766 135 805 214 6.‚
830 145 927 210 55-86·

270 306 405 383 Tempus
420 305 510 377 adest,
525 304 675 365 committe
689 315 782 364 rates:
804 323 861 382 ego
874 305 1015 382 temporis
1029 316 1130 366 auctor

308 403 425 463 Ducam
439 403 588 481 ‘laurigera
609 403 683 461 Iulia
703 412 797 463 rostra
818 401 926 462 manu!

188 567 308 611 55—58.
326 561 359 609 Sa
369 559 465 623 saying,
478 558 508 608 he
518 559 578 622 rped
591 557 631 607 ha's
647 557 727 622 shafts
735 573 747 617 ;
756 557 830 622 forth
848 559 913 622 leapt
928 557 969 607 the
984 564 1057 622 spear
1066 559 1098 623 eff

273 640 363 698 Coesar,
375 638 431 686 and
444 638 485 687 the
501 637 611 687 Eastem
632 637 715 698 Quem
732 638 774 700 lay
790 636 931 701 conquered,
943 637 989 686 her
1003 644 1092 701 sceptra

268 715 394 765 shattered
401 732 434 764 an
444 716 485 764 the
495 722 593 766 waters.

268 816 398 888 Dixerat,
413 826 442 875 et
455 815 607 893 pharetrae
621 815 740 893 pondus
755 816 902 874 consumit
917 816 947 875 in
962 834 1063 876 arcus:
1101 832 1139 892 55

311 914 450 973 Proxima
470 923 537 991 post
558 932 642 974 arcus
664 912 798 973 Caesaris
819 915 902 974 hasta
922 914 983 975 fuit.

268 1013 369 1072 Vincit
390 1013 489 1072 Roma
509 1012 568 1071 fide
588 1011 719 1072 Phoebi:
749 1013 798 1072 dat
819 1013 928 1072 femina
948 1030 1075 1091 poenas:

312 1112 433 1188 Sceptra
453 1129 506 1188 per
526 1111 625 1169 Ionias
648 1110 739 1171 fracta
759 1111 904 1170 vehuntur
924 1131 1026 1190 aquas.

190 1267 309 1312 50-08.
332 1259 383 1308 The
390 1263 465 1322 great
468 1257 562 1323 Julius
573 1237 750 1324 rejaicedfrom
765 1258 876 1308 heaven:
893 1259 934 1308 the
941 1259 1001 1323 gods
1010 1259 1042 1324 af
1051 1260 1092 1309 the

272 1354 312 1388 sea
323 1336 429 1402 reyaiced
436 1352 463 1384 as
481 1336 522 1385 she
524 1336 583 1400 stad
590 1344 614 1386 to
624 1337 665 1386 die
680 1337 709 1385 in
720 1337 766 1386 her
776 1352 833 1386 own
844 1335 1008 1388 time-'twas
1018 1339 1094 1389 better

271 1415 383 1466 so-ana'
391 1415 496 1464 Phabas
506 1415 572 1464 wins
582 1415 623 1465 the
628 1416 723 1480 praise.

272 1529 311 1587 At
332 1539 414 1606 pater
435 1527 530 1588 Idalio
551 1529 671 1587 miratur
692 1527 801 1587 Caesar
822 1529 978 1588 abastro:

250 1618 258 1632 ⁴
315 1626 405 1684 ‘Sum
426 1626 517 1685 deus:
546 1635 574 1685 et
595 1627 687 1684 nostri
709 1626 859 1703 sanguinis
880 1627 935 1685 ista
956 1627 1045 1688 fides.¹
1103 1632 1142 1686 60

272 1725 460 1801 Prosequitur
481 1734 569 1784 cantu
591 1724 706 1796 Triton,
728 1742 891 1802 omnesque
912 1727 1044 1786 marinae

313 1823 486 1884 Plauserunt
507 1823 584 1883 circa
605 1823 695 1882 libera
716 1823 801 1899 signa
821 1823 903 1883 deae.

273 1923 327 1982 Illa
348 1923 419 1999 petit
441 1922 542 1981 Nilum
563 1923 669 1999 cymba
689 1922 766 1980 male
788 1922 858 1980 nixa
879 1921 985 2000 fugaci,

315 2019 384 2080 Hoc
405 2038 506 2093 unum,
524 2021 609 2080 iusso
631 2039 691 2078 non
713 2020 852 2080 moritura
872 2021 927 2080 die.

271 2120 310 2178 Di
325 2120 447 2178 melius:
470 2129 596 2196 quantus
611 2119 714 2178 mulier
728 2119 803 2179 foret
816 2137 876 2178 una
890 2119 1065 2196 triumphus
1103 2123 1142 2196 65

315 2217 428 2277 Ductus
449 2229 510 2280 erat
531 2238 582 2294 per
604 2236 677 2294 quas
698 2229 765 2277 ante
786 2218 927 2295 Iugurtha
947 2220 1024 2278 vias!

273 2318 376 2376 Actius
390 2317 458 2376 hinc
472 2317 558 2376 traxit
573 2316 709 2376 Phoebus
723 2317 913 2390 monimenta,
927 2319 1007 2394 quod
1021 2319 1082 2378 eius

315 2415 385 2474 Una
405 2416 510 2475 decem
531 2415 598 2475 vicit
618 2415 709 2475 missa
730 2417 835 2491 sagitta
856 2426 940 2476 rates.

195 2589 315 2636 69-74.
333 2585 442 2649 Eaaugh
454 2600 511 2634 nara
522 2584 553 2650 as
558 2584 632 2634 war!
664 2586 752 2649 Apollo
762 2586 823 2634 calls
829 2592 853 2634 ta
862 2586 984 2650 sangand
983 2586 1061 2650 feast,
1071 2593 1096 2635 ta

276 2663 317 2712 the
326 2663 449 2727 wine-cap
456 2663 510 2713 and
518 2664 558 2712 the
570 2663 639 2713 rare!

276 2773 358 2832 Bella
379 2774 447 2832 satis
468 2774 580 2833 cecini:
609 2775 750 2833 citharam
770 2775 829 2833 iam
850 2776 944 2852 poscit
965 2776 1083 2853 Apoll0‚

317 2871 422 2931 Victor
442 2881 471 2930 et
492 2872 530 2930 ad
550 2871 683 2949 placidos
705 2873 784 2930 exuit
806 2891 888 2931 arma
910 2873 1024 2932 choros.
1108 2889 1146 2950 70

228 3022 272 3069 54.
290 3020 358 3068 uilia
370 3023 398 3068 tt
411 3021 475 3082 (acc.
488 3027 514 3069 to
526 3021 605 3083 Bae).
673 3025 718 3070 50.
728 3020 803 3084 furit
815 3021 942 3070 Heinsius.
1007 3025 1053 3070 59.
1070 3021 1148 3070 Italia

196 3088 232 3134 N.
311 3086 574 3135 60.Sumdeas1t0
625 3088 664 3135 Tu
677 3102 745 3134 naeus
754 3086 811 3135 Bae.
849 3089 914 3136 Tum
925 3087 1068 3136 demLach.
1112 3093 1149 3134 est

197 3153 278 3198 ΝΠ
321 3158 345 3200 et
361 3151 425 3199 ΒΨ
441 3151 494 3200 Per.
529 3168 559 3202 en
578 3151 720 3213 Markland,
735 3152 820 3202 Hertz.
926 3156 970 3201 63.
988 3153 1039 3201 Illa
1056 3151 1149 3199 NPv‘

187 3216 244 3264 -Jlle
254 3220 285 3265 0.
319 3217 370 3265 For
380 3217 445 3265 nixa
462 3217 538 3281 Paley
549 3217 620 3266 reads
631 3224 713 3267 nacta.
780 3222 824 3271 07.
842 3217 996 3267 monimenta
1008 3221 1043 3266 Ν.
1100 3221 1147 3266 68.

196 3281 326 3344 sagitaN.
393 3286 439 3331 69.
456 3283 586 3345 cytharam
598 3288 634 3332 Ν.
