<?xml version="1.0" encoding="UTF-8"?>
<!DOCTYPE html PUBLIC "-//W3C//DTD XHTML 1.0 Transitional//EN"
    "http://www.w3.org/TR/xhtml1/DTD/xhtml1-transitional.dtd">
<html xmlns="http://www.w3.org/1999/xhtml" xml:lang="en" lang="en">
 <head>
  <title>
</title>
<meta http-equiv="Content-Type" content="text/html;charset=utf-8" />
  <meta name='ocr-system' content='tesseract 3.04.00' />
  <meta name='ocr-capabilities' content='ocr_page ocr_carea ocr_par ocr_line ocrx_word'/>
</head>
<body>
  <div class='ocr_page' id='page_1' title='image "./selectionsfromt01propgoog_0069.png"; bbox 0 0 2568 3834; ppageno 0'>
   <div class='ocr_carea' id='block_1_1' title="bbox 450 133 886 240">
    <p class='ocr_par' dir='ltr' id='par_1_1' title="bbox 450 133 886 240">
     <span class='ocr_line' id='line_1_1' title="bbox 450 133 886 240; baseline 0.005 -17"><span class='ocrx_word' id='word_1_1' title='bbox 450 133 665 239; x_wconf 73' lang='lat' dir='ltr'>rr&#39;nnrrrn,</span> <span class='ocrx_word' id='word_1_2' title='bbox 689 178 769 239; x_wconf 90' lang='lat'>1.1.‚</span> <span class='ocrx_word' id='word_1_3' title='bbox 790 187 886 240; x_wconf 68' lang='lat'>15-34.</span> 
     </span>
    </p>
   </div>
   <div class='ocr_carea' id='block_1_2' title="bbox 238 333 1166 1321">
    <p class='ocr_par' dir='ltr' id='par_1_2' title="bbox 273 333 1139 511">
     <span class='ocr_line' id='line_1_2' title="bbox 273 333 1139 412; baseline 0.001 -19"><span class='ocrx_word' id='word_1_4' title='bbox 273 333 363 393; x_wconf 84' lang='lat' dir='ltr'>Flava</span> <span class='ocrx_word' id='word_1_5' title='bbox 384 333 482 405; x_wconf 91' lang='lat' dir='ltr'>Ceres,</span> <span class='ocrx_word' id='word_1_6' title='bbox 504 335 554 394; x_wconf 92' lang='lat' dir='ltr'>tibi</span> <span class='ocrx_word' id='word_1_7' title='bbox 576 335 611 394; x_wconf 93' lang='lat' dir='ltr'>sit</span> <span class='ocrx_word' id='word_1_8' title='bbox 631 345 732 397; x_wconf 93' lang='lat' dir='ltr'>nostro</span> <span class='ocrx_word' id='word_1_9' title='bbox 754 335 790 395; x_wconf 91' lang='lat' dir='ltr'>de</span> <span class='ocrx_word' id='word_1_10' title='bbox 811 354 878 395; x_wconf 91' lang='lat' dir='ltr'>rure</span> <span class='ocrx_word' id='word_1_11' title='bbox 900 353 1009 396; x_wconf 91' lang='lat' dir='ltr'>corona</span> <span class='ocrx_word' id='word_1_12' title='bbox 1104 352 1139 412; x_wconf 89' lang='lat'>15</span> 
     </span>
     <span class='ocr_line' id='line_1_3' title="bbox 319 433 997 511; baseline -0.001 -19"><span class='ocrx_word' id='word_1_13' title='bbox 319 433 433 509; x_wconf 86' lang='lat' dir='ltr'>Spicea,</span> <span class='ocrx_word' id='word_1_14' title='bbox 450 451 525 510; x_wconf 86' lang='lat' dir='ltr'>quae</span> <span class='ocrx_word' id='word_1_15' title='bbox 547 434 647 510; x_wconf 92' lang='lat' dir='ltr'>templi</span> <span class='ocrx_word' id='word_1_16' title='bbox 667 434 794 511; x_wconf 84' lang='lat' dir='ltr'><strong>pendeat</strong></span> <span class='ocrx_word' id='word_1_17' title='bbox 814 445 882 494; x_wconf 90' lang='lat' dir='ltr'>ante</span> <span class='ocrx_word' id='word_1_18' title='bbox 903 435 997 494; x_wconf 90' lang='lat' dir='ltr'>fores:</span> 
     </span>
    </p>

    <p class='ocr_par' dir='ltr' id='par_1_3' title="bbox 273 532 1006 610">
     <span class='ocr_line' id='line_1_4' title="bbox 273 532 1006 610; baseline -0.001 -18"><span class='ocrx_word' id='word_1_19' title='bbox 273 532 466 609; x_wconf 89' lang='lat' dir='ltr'>Pomosisque</span> <span class='ocrx_word' id='word_1_20' title='bbox 488 533 574 590; x_wconf 92' lang='lat' dir='ltr'>ruber</span> <span class='ocrx_word' id='word_1_21' title='bbox 596 543 695 593; x_wconf 89' lang='lat' dir='ltr'>custos</span> <span class='ocrx_word' id='word_1_22' title='bbox 716 544 843 610; x_wconf 86' lang='lat' dir='ltr'>ponatur</span> <span class='ocrx_word' id='word_1_23' title='bbox 863 534 893 592; x_wconf 91' lang='lat' dir='ltr'>in</span> <span class='ocrx_word' id='word_1_24' title='bbox 915 533 1006 594; x_wconf 90' lang='lat' dir='ltr'>hortis</span> 
     </span>
    </p>

    <p class='ocr_par' dir='ltr' id='par_1_4' title="bbox 238 629 933 710">
     <span class='ocr_line' id='line_1_5' title="bbox 238 629 933 710; baseline 0.004 -23"><span class='ocrx_word' id='word_1_25' title='bbox 238 667 242 672; x_wconf 77' lang='lat'>‚</span> <span class='ocrx_word' id='word_1_26' title='bbox 314 629 436 690; x_wconf 88' lang='lat' dir='ltr'>Terreat</span> <span class='ocrx_word' id='word_1_27' title='bbox 456 640 488 689; x_wconf 95' lang='lat' dir='ltr'>ut</span> <span class='ocrx_word' id='word_1_28' title='bbox 509 649 595 690; x_wconf 91' lang='lat' dir='ltr'>saeva</span> <span class='ocrx_word' id='word_1_29' title='bbox 615 631 689 692; x_wconf 88' lang='lat' dir='ltr'>falce</span> <span class='ocrx_word' id='word_1_30' title='bbox 711 632 835 710; x_wconf 88' lang='lat' dir='ltr'>Priapus</span> <span class='ocrx_word' id='word_1_31' title='bbox 857 651 933 692; x_wconf 87' lang='lat' dir='ltr'>aves.</span> 
     </span>
    </p>

    <p class='ocr_par' dir='ltr' id='par_1_5' title="bbox 272 727 1166 902">
     <span class='ocr_line' id='line_1_6' title="bbox 272 727 1111 809; baseline 0.002 -23"><span class='ocrx_word' id='word_1_32' title='bbox 272 727 337 788; x_wconf 91' lang='lat' dir='ltr'>Vos</span> <span class='ocrx_word' id='word_1_33' title='bbox 356 746 484 807; x_wconf 89' lang='lat' dir='ltr'>quoque,</span> <span class='ocrx_word' id='word_1_34' title='bbox 501 729 590 789; x_wconf 89' lang='lat' dir='ltr'>felicis</span> <span class='ocrx_word' id='word_1_35' title='bbox 612 730 772 808; x_wconf 87' lang='lat' dir='ltr'>quondam,</span> <span class='ocrx_word' id='word_1_36' title='bbox 793 750 871 790; x_wconf 90' lang='lat' dir='ltr'>nunc</span> <span class='ocrx_word' id='word_1_37' title='bbox 892 729 1029 809; x_wconf 88' lang='lat' dir='ltr'>pauperis</span> <span class='ocrx_word' id='word_1_38' title='bbox 1049 731 1111 808; x_wconf 85' lang='lat' dir='ltr'>agri</span> 
     </span>
     <span class='ocr_line' id='line_1_7' title="bbox 315 827 1166 902; baseline 0 -15"><span class='ocrx_word' id='word_1_39' title='bbox 315 827 468 898; x_wconf 84' lang='lat' dir='ltr'>Custodes,</span> <span class='ocrx_word' id='word_1_40' title='bbox 490 829 568 887; x_wconf 84' lang='lat' dir='ltr'>fertis</span> <span class='ocrx_word' id='word_1_41' title='bbox 589 848 711 889; x_wconf 89' lang='lat' dir='ltr'>munera</span> <span class='ocrx_word' id='word_1_42' title='bbox 732 839 835 902; x_wconf 90' lang='lat' dir='ltr'>vestra,</span> <span class='ocrx_word' id='word_1_43' title='bbox 856 829 957 889; x_wconf 90' lang='lat' dir='ltr'>Lares.</span> <span class='ocrx_word' id='word_1_44' title='bbox 1086 849 1142 896; x_wconf 74' lang='lat'>⁴20</span> <span class='ocrx_word' id='word_1_45' title='bbox 1164 851 1166 855; x_wconf 91' lang='lat'>·</span> 
     </span>
    </p>

    <p class='ocr_par' dir='ltr' id='par_1_6' title="bbox 273 925 1095 1105">
     <span class='ocr_line' id='line_1_8' title="bbox 273 925 1095 988; baseline 0.004 -4"><span class='ocrx_word' id='word_1_46' title='bbox 273 925 361 985; x_wconf 93' lang='lat' dir='ltr'>Tunc</span> <span class='ocrx_word' id='word_1_47' title='bbox 376 926 462 985; x_wconf 90' lang='lat' dir='ltr'>vitula</span> <span class='ocrx_word' id='word_1_48' title='bbox 483 927 653 986; x_wconf 92' lang='lat' dir='ltr'>innumeros</span> <span class='ocrx_word' id='word_1_49' title='bbox 674 927 813 987; x_wconf 89' lang='lat' dir='ltr'>lustrabat</span> <span class='ocrx_word' id='word_1_50' title='bbox 834 947 920 988; x_wconf 88' lang='lat' dir='ltr'>caesa</span> <span class='ocrx_word' id='word_1_51' title='bbox 940 927 1095 987; x_wconf 90' lang='lat' dir='ltr'>iuvencos:</span> 
     </span>
     <span class='ocr_line' id='line_1_9' title="bbox 314 1024 992 1105; baseline 0.001 -22"><span class='ocrx_word' id='word_1_52' title='bbox 314 1024 402 1084; x_wconf 91' lang='lat' dir='ltr'>Nune</span> <span class='ocrx_word' id='word_1_53' title='bbox 424 1044 500 1102; x_wconf 85' lang='lat' dir='ltr'>agna</span> <span class='ocrx_word' id='word_1_54' title='bbox 521 1025 618 1102; x_wconf 85' lang='lat' dir='ltr'>exigui</span> <span class='ocrx_word' id='word_1_55' title='bbox 639 1035 683 1085; x_wconf 91' lang='lat' dir='ltr'>est</span> <span class='ocrx_word' id='word_1_56' title='bbox 702 1025 798 1085; x_wconf 93' lang='lat' dir='ltr'>hostia</span> <span class='ocrx_word' id='word_1_57' title='bbox 818 1044 908 1105; x_wconf 85' lang='lat' dir='ltr'>parva</span> <span class='ocrx_word' id='word_1_58' title='bbox 928 1026 992 1085; x_wconf 89' lang='lat' dir='ltr'>soli.</span> 
     </span>
    </p>

    <p class='ocr_par' dir='ltr' id='par_1_7' title="bbox 272 1122 1061 1321">
     <span class='ocr_line' id='line_1_10' title="bbox 272 1122 1061 1202; baseline 0.001 -21"><span class='ocrx_word' id='word_1_59' title='bbox 272 1122 361 1200; x_wconf 81' lang='lat' dir='ltr'>Agna</span> <span class='ocrx_word' id='word_1_60' title='bbox 382 1123 467 1183; x_wconf 85' lang='lat' dir='ltr'>cadet</span> <span class='ocrx_word' id='word_1_61' title='bbox 487 1124 578 1195; x_wconf 90' lang='lat' dir='ltr'>vobis,</span> <span class='ocrx_word' id='word_1_62' title='bbox 600 1142 688 1202; x_wconf 90' lang='lat' dir='ltr'>quam</span> <span class='ocrx_word' id='word_1_63' title='bbox 711 1125 822 1185; x_wconf 92' lang='lat' dir='ltr'>circum</span> <span class='ocrx_word' id='word_1_64' title='bbox 842 1126 948 1184; x_wconf 91' lang='lat' dir='ltr'>rustica</span> <span class='ocrx_word' id='word_1_65' title='bbox 968 1123 1061 1201; x_wconf 86' lang='lat' dir='ltr'>pubes</span> 
     </span>
     <span class='ocr_line' id='line_1_11' title="bbox 315 1222 973 1321; baseline 0.002 -39"><span class='ocrx_word' id='word_1_66' title='bbox 315 1222 429 1282; x_wconf 86' lang='lat' dir='ltr'>Clamet</span> <span class='ocrx_word' id='word_1_67' title='bbox 451 1223 497 1282; x_wconf 90' lang='lat' dir='ltr'>‘io</span> <span class='ocrx_word' id='word_1_68' title='bbox 518 1241 629 1321; x_wconf 65' lang='lat' dir='ltr'>messes</span> <span class='ocrx_word' id='word_1_69' title='bbox 650 1232 679 1282; x_wconf 91' lang='lat' dir='ltr'>et</span> <span class='ocrx_word' id='word_1_70' title='bbox 699 1223 780 1283; x_wconf 91' lang='lat' dir='ltr'>bona</span> <span class='ocrx_word' id='word_1_71' title='bbox 799 1224 867 1282; x_wconf 88' lang='lat' dir='ltr'>vina</span> <span class='ocrx_word' id='word_1_72' title='bbox 889 1223 973 1284; x_wconf 65' lang='lat' dir='ltr'>date?</span> 
     </span>
    </p>
   </div>
   <div class='ocr_carea' id='block_1_3' title="bbox 191 1364 1097 1468">
    <p class='ocr_par' dir='ltr' id='par_1_8' title="bbox 191 1364 1097 1468">
     <span class='ocr_line' id='line_1_12' title="bbox 191 1364 1097 1468; baseline 0.001 -16"><span class='ocrx_word' id='word_1_73' title='bbox 191 1409 311 1454; x_wconf 75' lang='lat'><strong>25-80.</strong></span> <span class='ocrx_word' id='word_1_74' title='bbox 328 1405 361 1453; x_wconf 85' lang='lat' dir='ltr'>So</span> <span class='ocrx_word' id='word_1_75' title='bbox 376 1419 434 1467; x_wconf 83' lang='lat' dir='ltr'>may</span> <span class='ocrx_word' id='word_1_76' title='bbox 448 1405 468 1454; x_wconf 90' lang='lat' dir='ltr'><em>I</em></span> <span class='ocrx_word' id='word_1_77' title='bbox 479 1404 529 1454; x_wconf 84' lang='lat' dir='ltr'>live</span> <span class='ocrx_word' id='word_1_78' title='bbox 543 1364 687 1467; x_wconf 21' lang='lat' dir='ltr'>contentxby</span> <span class='ocrx_word' id='word_1_79' title='bbox 697 1411 790 1454; x_wconf 80' lang='lat' dir='ltr'>stream</span> <span class='ocrx_word' id='word_1_80' title='bbox 810 1405 866 1453; x_wconf 84' lang='lat' dir='ltr'>and</span> <span class='ocrx_word' id='word_1_81' title='bbox 878 1404 962 1465; x_wconf 77' lang='lat' dir='ltr'>rhode,</span> <span class='ocrx_word' id='word_1_82' title='bbox 974 1401 1097 1468; x_wconf 78' lang='lat' dir='ltr'>thinking</span> 
     </span>
    </p>
   </div>
   <div class='ocr_carea' id='block_1_4' title="bbox 268 1481 1096 1628">
    <p class='ocr_par' dir='ltr' id='par_1_9' title="bbox 268 1481 1096 1628">
     <span class='ocr_line' id='line_1_13' title="bbox 273 1481 1096 1548; baseline 0.001 -17"><span class='ocrx_word' id='word_1_83' title='bbox 273 1497 306 1531; x_wconf 83' lang='lat' dir='ltr'>no</span> <span class='ocrx_word' id='word_1_84' title='bbox 320 1481 405 1532; x_wconf 78' lang='lat' dir='ltr'>shame</span> <span class='ocrx_word' id='word_1_85' title='bbox 421 1490 445 1532; x_wconf 87' lang='lat' dir='ltr'>to</span> <span class='ocrx_word' id='word_1_86' title='bbox 461 1483 523 1532; x_wconf 87' lang='lat' dir='ltr'>tend</span> <span class='ocrx_word' id='word_1_87' title='bbox 534 1499 576 1546; x_wconf 83' lang='lat' dir='ltr'>my</span> <span class='ocrx_word' id='word_1_88' title='bbox 577 1483 655 1548; x_wconf 81' lang='lat' dir='ltr'><em>stock,</em></span> <span class='ocrx_word' id='word_1_89' title='bbox 665 1483 721 1532; x_wconf 84' lang='lat' dir='ltr'>and</span> <span class='ocrx_word' id='word_1_90' title='bbox 734 1483 881 1548; x_wconf 81' lang='lat' dir='ltr'>kononring</span> <span class='ocrx_word' id='word_1_91' title='bbox 889 1483 962 1532; x_wconf 85' lang='lat' dir='ltr'>Pales</span> <span class='ocrx_word' id='word_1_92' title='bbox 975 1482 1096 1542; x_wconf 83' lang='lat' dir='ltr'>fortheir</span> 
     </span>
     <span class='ocr_line' id='line_1_14' title="bbox 268 1563 337 1628; baseline 0 -15"><span class='ocrx_word' id='word_1_93' title='bbox 268 1563 337 1628; x_wconf 81' lang='lat' dir='ltr'>good.</span> 
     </span>
    </p>
   </div>
   <div class='ocr_carea' id='block_1_5' title="bbox 136 1677 1142 1805">
    <p class='ocr_par' dir='ltr' id='par_1_10' title="bbox 136 1677 1142 1805">
     <span class='ocr_line' id='line_1_15' title="bbox 136 1677 1142 1805; baseline 0.007 -38"><span class='ocrx_word' id='word_1_94' title='bbox 136 1677 156 1805; x_wconf 38' lang='lat' dir='ltr'>‘i</span> <span class='ocrx_word' id='word_1_95' title='bbox 274 1713 339 1773; x_wconf 91' lang='lat' dir='ltr'>Iam</span> <span class='ocrx_word' id='word_1_96' title='bbox 359 1713 450 1775; x_wconf 91' lang='lat' dir='ltr'>modo</span> <span class='ocrx_word' id='word_1_97' title='bbox 472 1716 531 1774; x_wconf 93' lang='lat' dir='ltr'>iam</span> <span class='ocrx_word' id='word_1_98' title='bbox 551 1716 662 1792; x_wconf 91' lang='lat' dir='ltr'>possim</span> <span class='ocrx_word' id='word_1_99' title='bbox 685 1727 839 1776; x_wconf 91' lang='lat' dir='ltr'>contentus</span> <span class='ocrx_word' id='word_1_100' title='bbox 860 1716 954 1776; x_wconf 91' lang='lat' dir='ltr'>vivere</span> <span class='ocrx_word' id='word_1_101' title='bbox 975 1733 1073 1792; x_wconf 88' lang='lat' dir='ltr'>parvo,</span> <span class='ocrx_word' id='word_1_102' title='bbox 1106 1733 1142 1792; x_wconf 90' lang='lat'>²5</span> 
     </span>
    </p>
   </div>
   <div class='ocr_carea' id='block_1_6' title="bbox 130 1814 137 1878">
    <p class='ocr_par' dir='ltr' id='par_1_11' title="bbox 130 1814 137 1878">
     <span class='ocr_line' id='line_1_16' title="bbox 130 1814 137 1878; baseline 0 0"><span class='ocrx_word' id='word_1_103' title='bbox 130 1814 137 1878; x_wconf 94' lang='lat' dir='ltr'>l</span> 
     </span>
    </p>
   </div>
   <div class='ocr_carea' id='block_1_7' title="bbox 225 1811 1143 2680">
    <p class='ocr_par' dir='ltr' id='par_1_12' title="bbox 205 1811 1143 2680">
     <span class='ocr_line' id='line_1_17' title="bbox 313 1811 1038 1892; baseline 0.003 -20"><span class='ocrx_word' id='word_1_104' title='bbox 313 1811 379 1872; x_wconf 92' lang='lat' dir='ltr'>Nec</span> <span class='ocrx_word' id='word_1_105' title='bbox 400 1832 516 1891; x_wconf 89' lang='lat' dir='ltr'>semper</span> <span class='ocrx_word' id='word_1_106' title='bbox 536 1814 643 1892; x_wconf 83' lang='lat' dir='ltr'>longae</span> <span class='ocrx_word' id='word_1_107' title='bbox 665 1814 779 1875; x_wconf 91' lang='lat' dir='ltr'>deditus</span> <span class='ocrx_word' id='word_1_108' title='bbox 800 1832 863 1875; x_wconf 91' lang='lat' dir='ltr'>esse</span> <span class='ocrx_word' id='word_1_109' title='bbox 884 1814 956 1887; x_wconf 88' lang='lat' dir='ltr'>viae,</span> <span class='ocrx_word' id='word_1_110' title='bbox 1030 1848 1038 1864; x_wconf 88' lang='lat'><strong>·</strong></span> 
     </span>
     <span class='ocr_line' id='line_1_18' title="bbox 225 1911 1008 1973; baseline 0.004 -3"><span class='ocrx_word' id='word_1_111' title='bbox 225 1953 229 1958; x_wconf 86' lang='lat'>-</span> <span class='ocrx_word' id='word_1_112' title='bbox 274 1911 333 1971; x_wconf 89' lang='lat' dir='ltr'>Sed</span> <span class='ocrx_word' id='word_1_113' title='bbox 355 1911 446 1972; x_wconf 91' lang='lat' dir='ltr'>Canis</span> <span class='ocrx_word' id='word_1_114' title='bbox 467 1914 592 1972; x_wconf 91' lang='lat' dir='ltr'>aestivos</span> <span class='ocrx_word' id='word_1_115' title='bbox 613 1923 694 1973; x_wconf 90' lang='lat' dir='ltr'>ortus</span> <span class='ocrx_word' id='word_1_116' title='bbox 716 1916 805 1973; x_wconf 84' lang='lat' dir='ltr'>vitare</span> <span class='ocrx_word' id='word_1_117' title='bbox 827 1915 882 1973; x_wconf 89' lang='lat' dir='ltr'>sub</span> <span class='ocrx_word' id='word_1_118' title='bbox 902 1914 1008 1973; x_wconf 90' lang='lat' dir='ltr'>umbra</span> 
     </span>
     <span class='ocr_line' id='line_1_19' title="bbox 264 2010 948 2089; baseline 0.004 -20.762"><span class='ocrx_word' id='word_1_119' title='bbox 264 2033 268 2042; x_wconf 92' lang='lat'>·</span> <span class='ocrx_word' id='word_1_120' title='bbox 314 2010 435 2070; x_wconf 88' lang='lat' dir='ltr'>Arboris</span> <span class='ocrx_word' id='word_1_121' title='bbox 457 2010 495 2070; x_wconf 90' lang='lat' dir='ltr'>ad</span> <span class='ocrx_word' id='word_1_122' title='bbox 516 2011 591 2071; x_wconf 91' lang='lat' dir='ltr'>rivos</span> <span class='ocrx_word' id='word_1_123' title='bbox 612 2012 822 2088; x_wconf 85' lang='lat' dir='ltr'>praetereuntis</span> <span class='ocrx_word' id='word_1_124' title='bbox 844 2029 948 2089; x_wconf 89' lang='lat' dir='ltr'>aquae.</span> 
     </span>
     <span class='ocr_line' id='line_1_20' title="bbox 273 2099 1075 2187; baseline 0.001 -20"><span class='ocrx_word' id='word_1_125' title='bbox 273 2107 337 2168; x_wconf 93' lang='lat' dir='ltr'>Nec</span> <span class='ocrx_word' id='word_1_126' title='bbox 359 2119 458 2169; x_wconf 90' lang='lat' dir='ltr'>tamen</span> <span class='ocrx_word' id='word_1_127' title='bbox 479 2109 624 2169; x_wconf 90' lang='lat' dir='ltr'>interdum</span> <span class='ocrx_word' id='word_1_128' title='bbox 645 2099 756 2187; x_wconf 82' lang='lat' dir='ltr'>pudeat</span> <span class='ocrx_word' id='word_1_129' title='bbox 776 2110 903 2169; x_wconf 88' lang='lat' dir='ltr'>tenuisse</span> <span class='ocrx_word' id='word_1_130' title='bbox 924 2109 1075 2170; x_wconf 90' lang='lat' dir='ltr'>bidentem</span> 
     </span>
     <span class='ocr_line' id='line_1_21' title="bbox 314 2207 1143 2285; baseline -0.001 -19"><span class='ocrx_word' id='word_1_131' title='bbox 314 2207 374 2266; x_wconf 89' lang='lat' dir='ltr'>Aut</span> <span class='ocrx_word' id='word_1_132' title='bbox 395 2208 512 2268; x_wconf 89' lang='lat' dir='ltr'>stimulo</span> <span class='ocrx_word' id='word_1_133' title='bbox 534 2209 633 2268; x_wconf 89' lang='lat' dir='ltr'>tardos</span> <span class='ocrx_word' id='word_1_134' title='bbox 654 2209 833 2285; x_wconf 90' lang='lat' dir='ltr'>increpuisse</span> <span class='ocrx_word' id='word_1_135' title='bbox 854 2208 963 2280; x_wconf 80' lang='lat' dir='ltr'>boves3</span> <span class='ocrx_word' id='word_1_136' title='bbox 1019 2229 1021 2235; x_wconf 94' lang='lat'><em>·</em></span> <span class='ocrx_word' id='word_1_137' title='bbox 1105 2228 1143 2284; x_wconf 83' lang='lat'>30</span> 
     </span>
     <span class='ocr_line' id='line_1_22' title="bbox 275 2305 1021 2384; baseline 0 -19"><span class='ocrx_word' id='word_1_138' title='bbox 275 2305 346 2365; x_wconf 93' lang='lat' dir='ltr'>Non</span> <span class='ocrx_word' id='word_1_139' title='bbox 368 2325 511 2382; x_wconf 85' lang='lat' dir='ltr'>agnamve</span> <span class='ocrx_word' id='word_1_140' title='bbox 534 2308 599 2365; x_wconf 91' lang='lat' dir='ltr'>sinu</span> <span class='ocrx_word' id='word_1_141' title='bbox 620 2307 719 2384; x_wconf 85' lang='lat' dir='ltr'>pigeat</span> <span class='ocrx_word' id='word_1_142' title='bbox 740 2305 867 2365; x_wconf 88' lang='lat' dir='ltr'>fetumve</span> <span class='ocrx_word' id='word_1_143' title='bbox 890 2305 1021 2382; x_wconf 87' lang='lat' dir='ltr'>capellae</span> 
     </span>
     <span class='ocr_line' id='line_1_23' title="bbox 316 2402 972 2464; baseline 0 -3"><span class='ocrx_word' id='word_1_144' title='bbox 316 2403 470 2464; x_wconf 89' lang='lat' dir='ltr'>Desertum</span> <span class='ocrx_word' id='word_1_145' title='bbox 491 2405 581 2464; x_wconf 88' lang='lat' dir='ltr'>oblita</span> <span class='ocrx_word' id='word_1_146' title='bbox 601 2414 695 2462; x_wconf 91' lang='lat' dir='ltr'>matre</span> <span class='ocrx_word' id='word_1_147' title='bbox 715 2402 820 2463; x_wconf 88' lang='lat' dir='ltr'>referre</span> <span class='ocrx_word' id='word_1_148' title='bbox 841 2403 972 2462; x_wconf 90' lang='lat' dir='ltr'>domum.</span> 
     </span>
     <span class='ocr_line' id='line_1_24' title="bbox 275 2501 954 2580; baseline 0 -20"><span class='ocrx_word' id='word_1_149' title='bbox 275 2503 314 2560; x_wconf 87' lang='lat' dir='ltr'>At</span> <span class='ocrx_word' id='word_1_150' title='bbox 335 2522 387 2563; x_wconf 92' lang='lat' dir='ltr'>vos</span> <span class='ocrx_word' id='word_1_151' title='bbox 409 2504 515 2580; x_wconf 84' lang='lat' dir='ltr'>exiguo</span> <span class='ocrx_word' id='word_1_152' title='bbox 537 2502 645 2580; x_wconf 90' lang='lat' dir='ltr'>pecori,</span> <span class='ocrx_word' id='word_1_153' title='bbox 668 2501 805 2579; x_wconf 84' lang='lat' dir='ltr'>furesque</span> <span class='ocrx_word' id='word_1_154' title='bbox 826 2501 954 2578; x_wconf 90' lang='lat' dir='ltr'>lupique,</span> 
     </span>
     <span class='ocr_line' id='line_1_25' title="bbox 315 2600 1092 2680; baseline 0.003 -20"><span class='ocrx_word' id='word_1_155' title='bbox 315 2601 445 2661; x_wconf 90' lang='lat' dir='ltr'>Parcite:</span> <span class='ocrx_word' id='word_1_156' title='bbox 475 2603 512 2662; x_wconf 92' lang='lat' dir='ltr'>de</span> <span class='ocrx_word' id='word_1_157' title='bbox 533 2620 643 2678; x_wconf 84' lang='lat' dir='ltr'>magno</span> <span class='ocrx_word' id='word_1_158' title='bbox 659 2611 703 2660; x_wconf 92' lang='lat' dir='ltr'>est</span> <span class='ocrx_word' id='word_1_159' title='bbox 723 2601 833 2678; x_wconf 90' lang='lat' dir='ltr'>praeda</span> <span class='ocrx_word' id='word_1_160' title='bbox 851 2600 977 2677; x_wconf 91' lang='lat' dir='ltr'>petenda</span> <span class='ocrx_word' id='word_1_161' title='bbox 993 2619 1092 2680; x_wconf 78' lang='lat' dir='ltr'>grege.</span> 
     </span>
    </p>
   </div>
   <div class='ocr_carea' id='block_1_8' title="bbox 186 2798 1146 3256">
    <p class='ocr_par' dir='ltr' id='par_1_13' title="bbox 186 2798 1146 3256">
     <span class='ocr_line' id='line_1_26' title="bbox 223 2798 1145 2865; baseline 0 -17"><span class='ocrx_word' id='word_1_162' title='bbox 223 2803 264 2850; x_wconf 78' lang='lat'>15.</span> <span class='ocrx_word' id='word_1_163' title='bbox 280 2800 350 2849; x_wconf 81' lang='lat' dir='ltr'>stro</span> <span class='ocrx_word' id='word_1_164' title='bbox 370 2799 409 2865; x_wconf 87' lang='lat' dir='ltr'>fit</span> <span class='ocrx_word' id='word_1_165' title='bbox 419 2799 481 2862; x_wconf 90' lang='lat' dir='ltr'>conj.</span> <span class='ocrx_word' id='word_1_166' title='bbox 494 2799 638 2849; x_wconf 86' lang='lat' dir='ltr'>Lambinus.</span> <span class='ocrx_word' id='word_1_167' title='bbox 714 2804 755 2852; x_wconf 83' lang='lat'>17.</span> <span class='ocrx_word' id='word_1_168' title='bbox 768 2801 920 2864; x_wconf 83' lang='lat' dir='ltr'>ponaturO</span> <span class='ocrx_word' id='word_1_169' title='bbox 949 2798 1145 2848; x_wconf 76' lang='lat' dir='ltr'>donraturLam·</span> 
     </span>
     <span class='ocr_line' id='line_1_27' title="bbox 191 2864 1144 2928; baseline -0.002 -12"><span class='ocrx_word' id='word_1_170' title='bbox 191 2868 271 2926; x_wconf 91' lang='lat' dir='ltr'>binus,</span> <span class='ocrx_word' id='word_1_171' title='bbox 284 2865 413 2915; x_wconf 79' lang='lat' dir='ltr'>Baehrens</span> <span class='ocrx_word' id='word_1_172' title='bbox 470 2869 513 2915; x_wconf 81' lang='lat'>19.</span> <span class='ocrx_word' id='word_1_173' title='bbox 517 2865 604 2928; x_wconf 87' lang='lat' dir='ltr'>felicis</span> <span class='ocrx_word' id='word_1_174' title='bbox 614 2867 668 2918; x_wconf 73' lang='lat' dir='ltr'>GV</span> <span class='ocrx_word' id='word_1_175' title='bbox 694 2865 782 2928; x_wconf 87' lang='lat' dir='ltr'>felices</span> <span class='ocrx_word' id='word_1_176' title='bbox 791 2869 825 2916; x_wconf 74' lang='lat' dir='ltr'>A.</span> <span class='ocrx_word' id='word_1_177' title='bbox 885 2864 1051 2916; x_wconf 78' lang='lat' dir='ltr'>23.cadet0.</span> <span class='ocrx_word' id='word_1_178' title='bbox 1087 2865 1144 2914; x_wconf 84' lang='lat' dir='ltr'>Bae.</span> 
     </span>
     <span class='ocr_line' id='line_1_28' title="bbox 190 2930 1145 2993; baseline -0.004 -11"><span class='ocrx_word' id='word_1_179' title='bbox 190 2931 253 2993; x_wconf 87' lang='lat' dir='ltr'>conj.</span> <span class='ocrx_word' id='word_1_180' title='bbox 266 2931 340 2980; x_wconf 83' lang='lat' dir='ltr'>cadit.</span> <span class='ocrx_word' id='word_1_181' title='bbox 418 2933 462 2979; x_wconf 87' lang='lat'>24.</span> <span class='ocrx_word' id='word_1_182' title='bbox 482 2931 619 2980; x_wconf 86' lang='lat' dir='ltr'>ClamatV</span> <span class='ocrx_word' id='word_1_183' title='bbox 655 2931 753 2980; x_wconf 86' lang='lat' dir='ltr'>Clamet</span> <span class='ocrx_word' id='word_1_184' title='bbox 765 2935 799 2982; x_wconf 78' lang='lat' dir='ltr'>G.</span> <span class='ocrx_word' id='word_1_185' title='bbox 878 2930 1145 2981; x_wconf 60' lang='lat' dir='ltr'>autumnitatem</span> 
     </span>
     <span class='ocr_line' id='line_1_29' title="bbox 186 2995 1145 3062; baseline -0.002 -16"><span class='ocrx_word' id='word_1_186' title='bbox 186 2997 280 3062; x_wconf 76' lang='lat' dir='ltr'>possim</span> <span class='ocrx_word' id='word_1_187' title='bbox 290 2997 352 3046; x_wconf 84' lang='lat' dir='ltr'>Fris.</span> <span class='ocrx_word' id='word_1_188' title='bbox 385 2996 443 3045; x_wconf 89' lang='lat' dir='ltr'>Iam</span> <span class='ocrx_word' id='word_1_189' title='bbox 455 2996 523 3044; x_wconf 74' lang='lat' dir='ltr'>niodo</span> <span class='ocrx_word' id='word_1_190' title='bbox 531 3012 581 3044; x_wconf 85' lang='lat' dir='ltr'>non</span> <span class='ocrx_word' id='word_1_191' title='bbox 588 3002 691 3059; x_wconf 82' lang='lat' dir='ltr'>possum</span> <span class='ocrx_word' id='word_1_192' title='bbox 701 2998 725 3044; x_wconf 93' lang='lat'>0</span> <span class='ocrx_word' id='word_1_193' title='bbox 757 2997 854 3060; x_wconf 82' lang='lat' dir='ltr'>Quippe</span> <span class='ocrx_word' id='word_1_194' title='bbox 862 3012 902 3060; x_wconf 82' lang='lat' dir='ltr'>ego</span> <span class='ocrx_word' id='word_1_195' title='bbox 915 2995 969 3044; x_wconf 85' lang='lat' dir='ltr'>iam</span> <span class='ocrx_word' id='word_1_196' title='bbox 976 3001 1078 3058; x_wconf 80' lang='lat' dir='ltr'>possum</span> <span class='ocrx_word' id='word_1_197' title='bbox 1089 2997 1145 3045; x_wconf 86' lang='lat' dir='ltr'>Par.</span> 
     </span>
     <span class='ocr_line' id='line_1_30' title="bbox 190 3061 1145 3125; baseline -0.003 -13"><span class='ocrx_word' id='word_1_198' title='bbox 190 3064 248 3112; x_wconf 85' lang='lat' dir='ltr'>Iam</span> <span class='ocrx_word' id='word_1_199' title='bbox 260 3062 327 3112; x_wconf 77' lang='lat' dir='ltr'>milri</span> <span class='ocrx_word' id='word_1_200' title='bbox 337 3063 390 3110; x_wconf 86' lang='lat' dir='ltr'>iam</span> <span class='ocrx_word' id='word_1_201' title='bbox 402 3062 496 3124; x_wconf 81' lang='lat' dir='ltr'>possim</span> <span class='ocrx_word' id='word_1_202' title='bbox 508 3061 614 3110; x_wconf 87' lang='lat' dir='ltr'>Mueller</span> <span class='ocrx_word' id='word_1_203' title='bbox 647 3062 706 3110; x_wconf 84' lang='lat' dir='ltr'>Iam</span> <span class='ocrx_word' id='word_1_204' title='bbox 722 3062 791 3110; x_wconf 86' lang='lat' dir='ltr'>modo</span> <span class='ocrx_word' id='word_1_205' title='bbox 809 3061 862 3110; x_wconf 85' lang='lat' dir='ltr'>iam</span> <span class='ocrx_word' id='word_1_206' title='bbox 874 3068 977 3125; x_wconf 81' lang='lat' dir='ltr'>possum</span> <span class='ocrx_word' id='word_1_207' title='bbox 996 3062 1055 3125; x_wconf 89' lang='lat' dir='ltr'>Guy</span> <span class='ocrx_word' id='word_1_208' title='bbox 1087 3061 1145 3109; x_wconf 87' lang='lat' dir='ltr'>Iam</span> 
     </span>
     <span class='ocr_line' id='line_1_31' title="bbox 191 3125 1146 3190; baseline -0.002 -14"><span class='ocrx_word' id='word_1_209' title='bbox 191 3128 259 3177; x_wconf 83' lang='lat' dir='ltr'>modo</span> <span class='ocrx_word' id='word_1_210' title='bbox 273 3128 298 3176; x_wconf 87' lang='lat' dir='ltr'>si</span> <span class='ocrx_word' id='word_1_211' title='bbox 309 3133 409 3190; x_wconf 76' lang='lat' dir='ltr'>possum</span> <span class='ocrx_word' id='word_1_212' title='bbox 426 3126 503 3178; x_wconf 72' lang='lat' dir='ltr'>Lech.</span> <span class='ocrx_word' id='word_1_213' title='bbox 537 3127 628 3176; x_wconf 89' lang='lat' dir='ltr'>Dissen</span> <span class='ocrx_word' id='word_1_214' title='bbox 646 3125 711 3188; x_wconf 86' lang='lat' dir='ltr'>conj.</span> <span class='ocrx_word' id='word_1_215' title='bbox 725 3128 784 3175; x_wconf 83' lang='lat' dir='ltr'>Iam</span> <span class='ocrx_word' id='word_1_216' title='bbox 801 3127 893 3176; x_wconf 84' lang='lat' dir='ltr'>modico</span> <span class='ocrx_word' id='word_1_217' title='bbox 900 3133 1002 3190; x_wconf 80' lang='lat' dir='ltr'>possum</span> <span class='ocrx_word' id='word_1_218' title='bbox 1019 3132 1146 3176; x_wconf 83' lang='lat' dir='ltr'>contentus</span> 
     </span>
     <span class='ocr_line' id='line_1_32' title="bbox 189 3192 1144 3256; baseline -0.001 -14"><span class='ocrx_word' id='word_1_219' title='bbox 189 3194 274 3242; x_wconf 67' lang='lat' dir='ltr'>venere</span> <span class='ocrx_word' id='word_1_220' title='bbox 291 3192 319 3241; x_wconf 83' lang='lat' dir='ltr'>in</span> <span class='ocrx_word' id='word_1_221' title='bbox 337 3208 404 3256; x_wconf 81' lang='lat' dir='ltr'>agro.</span> <span class='ocrx_word' id='word_1_222' title='bbox 504 3197 548 3242; x_wconf 81' lang='lat'>28.</span> <span class='ocrx_word' id='word_1_223' title='bbox 566 3193 635 3242; x_wconf 84' lang='lat' dir='ltr'>rivos</span> <span class='ocrx_word' id='word_1_224' title='bbox 653 3194 677 3241; x_wconf 88' lang='lat'>0</span> <span class='ocrx_word' id='word_1_225' title='bbox 711 3192 800 3240; x_wconf 76' lang='lat' dir='ltr'>rivum</span> <span class='ocrx_word' id='word_1_226' title='bbox 821 3193 947 3242; x_wconf 90' lang='lat' dir='ltr'>Burmann</span> <span class='ocrx_word' id='word_1_227' title='bbox 986 3192 1068 3242; x_wconf 81' lang='lat' dir='ltr'>rivom</span> <span class='ocrx_word' id='word_1_228' title='bbox 1086 3192 1144 3241; x_wconf 86' lang='lat' dir='ltr'>Bae.</span> 
     </span>
    </p>
   </div>
   <div class='ocr_carea' id='block_1_9' title="bbox 90 3257 1145 3316">
    <p class='ocr_par' dir='ltr' id='par_1_14' title="bbox 90 3257 1145 3316">
     <span class='ocr_line' id='line_1_33' title="bbox 90 3257 1145 3316; baseline -0.001 -10"><span class='ocrx_word' id='word_1_229' title='bbox 90 3304 94 3316; x_wconf 82' lang='grc'><em>,</em></span> <span class='ocrx_word' id='word_1_230' title='bbox 190 3262 235 3308; x_wconf 76' lang='grc'>29.</span> <span class='ocrx_word' id='word_1_231' title='bbox 253 3257 373 3307; x_wconf 81' lang='lat' dir='ltr'>bidentem</span> <span class='ocrx_word' id='word_1_232' title='bbox 391 3262 417 3307; x_wconf 81' lang='lat' dir='ltr'>G</span> <span class='ocrx_word' id='word_1_233' title='bbox 434 3259 488 3308; x_wconf 86' lang='lat' dir='ltr'>Par.</span> <span class='ocrx_word' id='word_1_234' title='bbox 522 3258 629 3308; x_wconf 84' lang='lat' dir='ltr'>bidentes</span> <span class='ocrx_word' id='word_1_235' title='bbox 644 3261 672 3306; x_wconf 87' lang='lat' dir='ltr'><strong>V</strong></span> <span class='ocrx_word' id='word_1_236' title='bbox 705 3257 817 3308; x_wconf 82' lang='lat' dir='ltr'>ludentes</span> <span class='ocrx_word' id='word_1_237' title='bbox 832 3261 868 3308; x_wconf 78' lang='lat' dir='ltr'>A.</span> <span class='ocrx_word' id='word_1_238' title='bbox 943 3259 987 3307; x_wconf 75' lang='lat'>³2.</span> <span class='ocrx_word' id='word_1_239' title='bbox 1004 3257 1097 3308; x_wconf 85' lang='lat' dir='ltr'>donum</span> <span class='ocrx_word' id='word_1_240' title='bbox 1110 3260 1145 3305; x_wconf 78' lang='lat' dir='ltr'>V,</span> 
     </span>
    </p>
   </div>
   <div class='ocr_carea' id='block_1_10' title="bbox 191 3323 527 3387">
    <p class='ocr_par' dir='ltr' id='par_1_15' title="bbox 191 3323 527 3387">
     <span class='ocr_line' id='line_1_34' title="bbox 191 3323 527 3387; baseline 0.003 -14"><span class='ocrx_word' id='word_1_241' title='bbox 191 3328 235 3376; x_wconf 78' lang='lat'>34.</span> <span class='ocrx_word' id='word_1_242' title='bbox 253 3331 288 3374; x_wconf 86' lang='lat' dir='ltr'>est</span> <span class='ocrx_word' id='word_1_243' title='bbox 299 3326 322 3373; x_wconf 94' lang='lat'><em>0</em></span> <span class='ocrx_word' id='word_1_244' title='bbox 357 3339 407 3373; x_wconf 88' lang='lat' dir='ltr'>om.</span> <span class='ocrx_word' id='word_1_245' title='bbox 419 3323 452 3387; x_wconf 89' lang='lat' dir='ltr'>by</span> <span class='ocrx_word' id='word_1_246' title='bbox 464 3324 527 3374; x_wconf 84' lang='lat' dir='ltr'>Fris.</span> 
     </span>
    </p>
   </div>
   <div class='ocr_carea' id='block_1_11' title="bbox 0 0 1294 3834">
    <p class='ocr_par' dir='ltr' id='par_1_16' title="bbox 0 0 1294 3834">
     <span class='ocr_line' id='line_1_35' title="bbox 0 0 1294 3834; baseline 0 0"><span class='ocrx_word' id='word_1_247' title='bbox 0 0 1294 3834; x_wconf 95' lang='lat' dir='ltr'> </span> 
     </span>
    </p>
   </div>
  </div>
 </body>
</html>
