2574 3818
152 179 194 244 86
360 188 634 256 proruamur,
658 193 706 244 1v.
731 198 772 264 3.,
795 205 891 256 35-52.

231 355 271 415 Et
291 355 380 425 disc0,
402 372 460 430 qua
480 363 561 429 parte
582 353 653 411 fluat
674 353 833 412 vincendus
853 352 975 424 Araxes,
1063 367 1100 426 35

275 453 356 526 Quot
377 452 440 516 sine
461 470 538 528 aqua
558 451 681 511 Parthus
702 451 782 510 milia
803 462 898 512 currat
919 469 1019 528 equus.
1121 508 1124 515 .

233 553 333 629 Cogor
354 561 383 610 et
403 570 420 609 e
441 550 539 609 tabula
559 551 653 628 pictos
673 551 801 610 ediscere
822 551 959 624 mundos,

274 651 377 723 Qualis
398 659 426 708 et
446 649 518 708 haec
536 649 615 709 docti
637 650 673 708 sit
694 635 823 727 positura
841 650 898 721 dei,

233 749 318 822 Quae
339 749 423 808 tellus
445 749 480 808 sit
501 749 579 808 lenta
600 749 676 826 gelu,
698 767 773 825 quae
793 749 884 825 putris
904 750 942 807 ab
963 757 1052 818 aestu,

273 848 386 907 Ventus
407 849 438 905 in
459 848 573 906 ltaliam
595 849 645 925 qui
666 850 742 906 bene
763 848 827 906 vela
847 847 928 907 ferat.
1062 865 1102 919 40

232 947 349 1006 Assidet
370 965 431 1004 una
452 965 542 1018 soror,
563 948 638 1006 curis
660 957 689 1006 et
708 947 816 1025 pallida
837 948 934 1006 nutrix

272 1045 386 1105 Peierat
406 1045 520 1104 hiberni
540 1055 687 1123 temporas
707 1065 771 1106 esse
791 1064 898 1105 moras.

150 1221 272 1265 sa-ao.
292 1215 314 1263 ο
330 1214 387 1263 that
403 1191 508 1264 120qu
521 1215 574 1264 aa,
595 1231 665 1264 arms
681 1215 730 1264 aa
746 1215 887 1280 lappolyta
903 1214 1053 1279 andfhrnw

233 1293 285 1342 tlrce
301 1308 359 1341 over
374 1291 498 1355 Scythia's
513 1293 612 1343 snows!
628 1309 661 1342 no
677 1294 729 1343 love
745 1309 793 1342 can
809 1295 891 1343 match
905 1294 946 1344 tlrc
960 1295 1013 1343 leve
1028 1293 1060 1352 of

232 1387 248 1420 a
259 1377 317 1420 true
327 1371 427 1420 wcdded
435 1371 502 1435 wife.

130 1538 132 1541 .
233 1481 314 1540 Felix
335 1480 510 1557 Hippolytel
539 1480 618 1539 nuda
638 1481 702 1540 tulit
723 1500 803 1540 arma
823 1482 938 1559 papilla,

273 1581 313 1638 Et
333 1579 405 1638 texit
425 1580 510 1655 galea
530 1581 654 1638 barbara
675 1580 764 1639 molle
784 1591 880 1658 caput.

233 1679 378 1738 Romanis
399 1679 510 1736 utinarn
531 1679 689 1756 patuissent
711 1690 805 1738 castra
827 1680 946 1756 puellis!
1063 1696 1101 1756 45

273 1778 378 1836 Essem
398 1777 516 1836 militiae
538 1778 650 1836 sarcina
671 1778 728 1837 fida
748 1788 824 1851 tuae,

233 1875 297 1935 Nec
311 1895 359 1944 me
373 1876 518 1936 tardarent
535 1876 668 1954 Scythiae
682 1879 759 1954 iuga,
773 1897 841 1938 cum
856 1879 942 1937 Pater
956 1877 1029 1937 altas

275 1975 390 2035 Africus
410 1977 441 2035 in
461 1977 584 2052 glaciem
604 1977 711 2053 frigore
731 1978 820 2036 nectit
841 1995 940 2054 aquas.

234 2072 339 2133 Omnis
353 2093 437 2135 amor
451 2093 582 2152 magnus,
598 2076 650 2135 sed
664 2086 764 2152 aperto
778 2076 808 2133 in
823 2076 947 2151 coniuge
962 2075 1067 2133 maior:

274 2172 363 2232 Hanc
383 2172 494 2246 Venus,
514 2184 546 2232 ut
566 2174 649 2246 vivat,
669 2175 787 2234 ventilat
808 2175 871 2251 ipsa
891 2173 993 2232 facem.
1065 2190 1104 2249 50

153 2346 272 2390 51-82.
295 2341 371 2388 What
386 2340 442 2404 help
452 2357 497 2390 are
513 2357 554 2403 my
565 2342 669 2406 purples
684 2358 713 2391 or
724 2358 765 2405 my
776 2341 864 2406 gems?
880 2341 928 2390 All
943 2340 965 2388 is
980 2340 1055 2389 dunch

233 2418 289 2465 and
302 2417 370 2466 dead.
403 2420 424 2467 I
435 2434 516 2469 scarce
531 2426 600 2482 pray
619 2427 643 2468 to
662 2420 703 2469 tlu
724 2421 820 2468 Lam:
836 2419 932 2469 Jlravc
950 2419 995 2466 but
1014 2433 1055 2480 my

237 2496 344 2544 Glaucis'
358 2497 423 2546 voice
439 2503 463 2545 to
479 2497 581 2562 comfort
597 2514 641 2547 me.
674 2498 752 2563 rytlu
766 2499 817 2547 owl
830 2513 880 2560 cry,
898 2497 972 2563 z'stlre
987 2497 1056 2560 lamp

233 2580 336 2637 sputter,
348 2575 368 2622 I
374 2574 535 2640 sacrificesor
544 2576 589 2639 thy
601 2583 698 2627 return.

233 2695 314 2756 Nam
334 2695 405 2754 mihi
427 2714 487 2772 quo
508 2698 616 2758 Poenis
638 2699 661 2756 si
682 2717 809 2776 purpura
830 2696 940 2774 fulgeat
960 2697 1052 2768 ostris,

276 2795 492 2875 Crystallusque
513 2817 595 2857 meas
616 2809 701 2857 ornet
721 2817 834 2875 aquosa
854 2798 981 2856 manus?

40 3037 51 3060 ι
186 2990 231 3036 36.
252 2987 324 3064 Qetod
338 2990 367 3035 Ν
395 2973 454 3050 ιᾳιὶς
465 2989 500 3034 N.
568 2989 611 3038 37.
632 2987 710 3050 Cogor
720 2989 773 3064 Νφ
805 2988 887 3036 Comr
896 2984 1005 3062 Brouklr.
1018 2984 1103 3098 {ertu

152 3053 359 3174 {illm
372 3049 912 3190 <alsnllfnltt‘llnn
927 3050 1103 3192 mli).

154 3183 239 3247 Ellis),
251 3184 314 3233 have
326 3185 387 3233 been
398 3184 530 3247 proposed.
583 3187 624 3232 51.
642 3187 705 3232 teN
736 3184 819 3233 tibio
845 3183 1006 3232 siHeinssus.
1041 3196 1105 3230 nova

155 3248 195 3311 (nr
217 3252 265 3310 ter)
288 3249 368 3298 Palm.
402 3250 472 3297 Nam
495 3248 562 3298 milri
578 3250 646 3313 quo?
672 3249 763 3298 Poenis
779 3249 828 3298 tibi
843 3247 920 3299 Lach.
939 3249 997 3298 Bae.
1013 3246 1101 3296 Muell.

154 3317 199 3362 52.
216 3317 320 3363 menen·
353 3315 516 3364 tuasOBae.
