2574 3818
174 191 216 277 38
346 207 347 210 ¹
401 197 915 278 pnopnnrrv5‚“1.17.‚3-2s.

257 362 323 425 Nec
344 366 421 424 milri
438 365 579 444 Cassiope
600 366 686 436 solito
706 367 803 427 visura
823 368 952 428 carinam
973 379 1018 429 est

299 463 416 537 Omine,
438 473 467 524 et
487 465 603 541 ingrato
623 465 706 525 litore
726 474 794 526 vota
815 465 930 526 cadunt.

257 559 341 634 Quin
354 564 441 646 etiam
454 563 568 623 absenti
582 573 705 641 prosunt
719 565 780 638 tibi,
796 564 932 642 Cynthia,
941 565 1021 626 venti
1035 586 1043 626 ε
1113 583 1131 645 5

297 659 416 738 Aspice,
437 680 527 739 quarn
548 681 648 722 saevas
669 663 798 741 increpat
820 681 891 722 aura
912 665 1023 724 minasl

257 756 384 819 Nullane
406 759 538 837 placatae
558 761 653 820 veniet
674 761 790 822 fortuna
810 761 976 839 procellae?

298 857 450 918 Haeccine
470 878 559 936 parva
580 878 679 919 meum
700 859 787 920 funus
808 879 897 921 arena
917 861 1017 939 teget?

191 1030 292 1076 9-14.
314 1027 357 1074 Yet
372 1033 444 1092 spart
461 1042 499 1077 me
515 1042 579 1087 now,
594 1026 722 1090 Cynthia:
738 1043 774 1078 see
790 1035 835 1078 not
850 1044 892 1092 my
907 1029 955 1078 sad
961 1029 1020 1095 fate
1035 1045 1083 1080 un·

258 1104 350 1154 movcd.
491 1116 493 1120 ·

257 1208 307 1268 Tu
328 1220 426 1269 tamen
447 1209 477 1268 in
498 1209 602 1270 melius
624 1229 725 1270 saevas
746 1221 881 1271 converte
904 1206 1056 1290 querelas:
1172 1275 1176 1284 ,

299 1309 352 1369 Sat
372 1309 423 1368 tibi
444 1311 480 1368 sit
501 1328 615 1386 poenae
636 1328 697 1370 nox
718 1320 747 1369 et
767 1310 868 1388 iniqua
887 1312 970 1371 vada.
1096 1329 1133 1371 ro

257 1407 308 1465 An
328 1407 436 1484 poteris
457 1407 542 1467 siccis
563 1426 629 1467 mea
649 1407 708 1468 fata
728 1427 871 1485 reponere
891 1408 1000 1482 ocelliS,

300 1505 437 1583 Ossaque
457 1506 538 1565 nulla
558 1517 611 1567 tuo
631 1518 730 1566 nostra
750 1518 849 1567 tenere
870 1508 956 1568 sinui

258 1604 309 1665 Ah
330 1613 438 1682 pereat,
460 1607 636 1685 quicumque
657 1616 733 1666 rates
749 1617 783 1667 et
803 1607 866 1667 vela
886 1607 998 1685 paravit

301 1704 416 1762 Primus
435 1715 464 1763 et
485 1705 575 1765 invito
595 1705 709 1783 gurgite
729 1705 798 1765 fecit
817 1706 889 1765 iteri

179 1880 298 1925 15-18.
321 1875 391 1943 Wcre
403 1875 425 1923 r't
436 1882 479 1924 not
493 1875 569 1925 better
579 1883 603 1926 to
617 1875 680 1925 have
695 1877 770 1926 borne
785 1876 849 1926 with
860 1876 917 1926 that
927 1875 996 1925 hard
1004 1875 1083 1937 beart,

257 1951 322 2002 than
333 1960 357 2003 to
368 1954 394 2002 bc
405 1953 472 2013 thus,
486 1954 515 2002 in
526 1961 628 2018 strange
639 1954 720 2010 lande,
730 1954 823 2004 alone?

260 2057 445 2118 Nounerfuit
466 2059 556 2118 levius
577 2059 715 2119 dominae
735 2059 901 2137 pervincere
921 2076 1019 2118 mores
1095 2073 1132 2134 15

298 2139 455 2238 (Quemvis
476 2157 556 2229 dura,
577 2167 675 2217 tamen
695 2177 760 2217 rara
779 2158 876 2235 puella
896 2153 970 2238 fuit),

261 2254 362 2329 Quam
383 2258 423 2316 sic
445 2258 551 2332 ignotis
571 2257 750 2317 circumdata
770 2256 854 2316 litora
875 2256 951 2316 silvis

301 2357 437 2427 Cernere,
459 2366 488 2414 et
508 2365 624 2433 optatos
645 2374 783 2433 quaerere
804 2353 1010 2433 Tyndaridas?

180 2529 299 2574 1944.
317 2523 382 2572 Had
394 2524 414 2572 I
424 2522 483 2572 died
496 2524 570 2583 there,
582 2523 625 2573 she
639 2523 693 2572 had
704 2523 834 2573 honoured
844 2537 886 2586 my
897 2522 1015 2583 remeius,
1032 2520 1087 2571 and

256 2601 356 2666 praycd
363 2617 422 2651 over
433 2617 476 2664 my
482 2617 569 2666 grave.
964 2602 966 2604 ’

259 2705 321 2766 Illic
343 2707 365 2765 si
387 2724 446 2782 qua
466 2724 564 2764 meum
586 2705 756 2783 sepelissent
776 2704 833 2764 sata
853 2704 994 2776 dolorem,

303 2805 431 2864 Ultimus
452 2816 481 2864 et
501 2804 596 2882 posito
617 2814 704 2863 staret
725 2822 825 2863 amore
845 2803 928 2881 lapis,
1095 2822 1133 2863 20

213 2978 238 3023 ³.
255 2974 348 3038 casiope
365 2974 435 3024 solito
452 2976 507 3023 No
549 2973 649 3024 solitam
666 2975 782 3024 Passerat
826 2974 950 3037 Cassiopen
965 2973 1039 3023 statio
1055 2970 1134 3023 Lech.

180 3042 277 3089 salvam
294 3041 324 3090 L.
338 3040 444 3089 Mueller
480 3039 604 3104 Cariopest
619 3040 680 3090 olim
698 3041 756 3090 Bae.
790 3048 826 3091 est
840 3041 862 3090 is
874 3056 923 3089 om.
935 3041 969 3103 by
981 3041 1035 3088 ΝΟ
1049 3038 1134 3087 Hertz.

180 3105 281 3155 Palmer
291 3106 363 3156 reads
374 3107 521 3155 carinamst.
651 3109 679 3155 4.
699 3105 793 3155 Omnia
804 3123 851 3170 quc
863 3109 917 3156 AD
954 3103 1135 3168 Omniaquell'

182 3171 267 3220 Hertz.
278 3179 325 3221 etc.
371 3172 461 3221 Omine
471 3178 495 3220 et
505 3171 590 3234 Paley.
702 3175 729 3220 6.
748 3172 860 3236 increpat
876 3170 994 3219 NAW
1028 3169 1137 3232 increpet

182 3239 243 3286 DV.
305 3241 331 3285 8.
349 3237 444 3286 harena
455 3240 539 3285 ΜΝ
550 3237 604 3286 Per.
617 3237 656 3298 (as
669 3236 814 3296 elsewhere)
866 3237 962 3286 uerelas
973 3238 1036 3285 ΝΟ.
1096 3238 1135 3284 11.

182 3308 297 3364 reponere
319 3305 374 3351 No
397 3303 497 3352 Palmer
555 3309 673 3367 opponere
696 3307 717 3351 z
742 3302 829 3352 Hertz.
849 3254 961 3352 {uuella
1018 3307 1136 3366 exponere

182 3367 310 3418 Graevius.
361 3371 402 3417 18.
415 3369 459 3418 Ha
471 3371 524 3417 An
557 3374 582 3417 et
591 3368 652 3418 bella
661 3371 693 3417 1⁵¹.
745 3371 786 3418 15.
800 3367 879 3418 levius
890 3371 945 3418 No
979 3368 1069 3418 melius
1078 3369 1134 3416 ΘΖ.
