2568 3834
174 202 216 263 24
419 193 633 266 rrsnrruq
655 201 695 252 n.
717 199 758 270 5,
781 195 880 264 51-68.

254 356 300 417 Te
321 373 438 436 quoque
460 359 519 417 iam
539 358 633 430 video,
656 358 746 418 Marti
766 357 908 439 placitura
928 357 1068 420 sacerdos

294 455 356 530 Ilia,
370 456 503 517 Vestales
525 458 684 517 deseruisse
706 457 797 531 focos,

255 552 493 633 Concubitusque
514 565 579 615 tuos
599 556 705 627 furtim,
727 557 869 634 vittasque
890 555 1027 630 iacentes,

295 652 334 711 Et
355 655 453 732 cupidi
474 653 513 713 ad
533 655 611 732 ripas
632 672 714 714 arma
734 655 833 714 rehcta
854 654 909 716 dei.

174 869 291 938 55-564.
311 865 391 914 ‘Fecd
398 880 438 926 on,
445 880 478 927 yc
490 863 570 926 bulls:
577 866 619 915 slu
630 865 694 925 said,
703 867 711 892 ‘
720 865 796 915 while
801 880 834 928 γι
846 881 904 928 may
910 881 923 926 ,·
933 864 991 914 lacre
999 866 1076 915 Ro'me

252 942 322 991 shall
334 943 416 1003 stand,
428 943 483 991 and
497 944 553 993 mle
560 944 634 1008 from
646 944 713 992 East
728 949 752 992 to
768 943 849 992 Wcst:
864 959 921 992 once
932 959 998 994 more
1008 942 1078 993 shall

259 1021 324 1084 Troy
335 1020 360 1070 be
367 1027 448 1085 great,
459 1022 591 1085 andgloay
604 1021 632 1070 in
638 1036 708 1083 your
718 1019 894 1086 wanderings?

254 1137 372 1214 Carpite
393 1157 480 1210 nunc,
496 1139 578 1211 tauri,
593 1139 630 1198 de
651 1148 764 1217 septem
784 1140 935 1198 montibus
956 1137 1070 1212 herbas,
1084 1151 1122 1214 55

294 1237 375 1297 Dum
396 1239 478 1298 licet:
499 1239 547 1298 hic
568 1257 694 1316 magnae
714 1239 773 1298 iam
793 1238 876 1299 locus
896 1241 976 1300 urbis
997 1241 1057 1300 erit.

253 1335 359 1409 Roma,
381 1346 463 1395 tuum
484 1356 593 1397 nomen
615 1338 695 1397 terris
715 1336 801 1397 fatale
823 1338 966 1416 regendis

252 1493 253 1496 ,
294 1434 363 1508 Qua
385 1454 437 1494 sua
458 1435 495 1495 de
516 1436 598 1495 caelo
619 1437 758 1514 prospicit
779 1455 846 1495 arva
868 1436 965 1509 Ceres,

207 1603 208 1608 η
255 1533 381 1612 Quaque
401 1544 502 1611 patent
522 1545 601 1594 ortus
622 1545 651 1595 et
672 1554 731 1612 qua
751 1535 929 1594 fluitantibus
950 1536 1037 1596 undis

295 1633 371 1692 Solis
392 1632 561 1693 anhelantes
583 1634 673 1692 abluit
694 1634 789 1693 amnis
809 1652 909 1712 equos·
1083 1639 1122 1696 60

253 1731 345 1790 Troia
365 1733 485 1810 quidem
506 1742 575 1792 tunc
597 1751 628 1792 se
649 1715 806 1806 mirabitur,
829 1744 858 1793 et
879 1732 933 1792 sibi
954 1733 1031 1794 dicet
1103 1767 1106 1775 ·

294 1828 358 1890 Vos
379 1832 454 1890 bene
475 1840 535 1890 tam
555 1831 644 1909 longa
665 1831 845 1891 consuluisse
865 1832 922 1892 via.

253 1928 331 1988 Vera
352 1947 445 1988 cano:
467 1930 510 1988 sic
530 1947 623 2006 usque
645 1947 742 1989 sacras
763 1930 885 1989 innoxia
903 1929 1001 1990 laurus

294 2027 416 2100 Vescar,
437 2039 466 2087 et
486 2038 637 2087 aeternum
658 2028 695 2088 sit
715 2027 786 2087 mihi
806 2029 972 2105 virginitas)

171 2245 291 2290 ets—80.
308 2240 341 2288 So
351 2255 417 2303 sang
426 2238 475 2299 she,
487 2239 542 2288 and
555 2240 635 2288 called
647 2255 679 2288 on
695 2240 755 2301 thee,
768 2239 894 2290 Phoebus:
910 2237 960 2290 blot
973 2247 1025 2303 out,
1037 2257 1074 2294 we

247 2323 316 2382 pray
331 2316 391 2378 thee,
408 2318 448 2365 all
463 2333 546 2366 omens
560 2317 616 2366 dire
631 2318 663 2382 of
671 2325 746 2368 comet
761 2333 791 2367 or
806 2319 838 2382 of
846 2319 1024 2380 stone-shower,
1049 2327 1076 2386 cy

250 2395 383 2444 embattled
398 2395 442 2456 sky
457 2410 488 2454 on
504 2395 625 2459 speaking
634 2411 718 2459 grove,
736 2396 874 2461 fffailing
887 2412 937 2446 sun
953 2413 982 2447 or
993 2398 1073 2449 cloud·

252 2471 371 2536 wrapped
373 2487 447 2534 year,
458 2471 577 2537 ofvoiced
584 2489 617 2522 ox
627 2489 657 2522 or
668 2474 781 2539 werping
791 2474 849 2524 God.

253 2599 337 2660 Haec
359 2602 463 2661 cecinit
482 2613 562 2662 vates
583 2612 612 2662 et
632 2610 661 2662 te
682 2603 743 2674 sibi,
765 2602 894 2677 Phoebe,
916 2606 1040 2677 vocavit,
1083 2611 1121 2682 65

292 2699 413 2759 lactavit
434 2699 511 2758 susas
528 2710 557 2758 et
577 2711 666 2777 caput
685 2710 752 2761 ante
773 2719 883 2761 comas.

252 2797 403 2876 Quidquid
424 2798 589 2870 Amalthea,
611 2798 754 2876 quidquid
775 2798 925 2877 Marpesia
946 2800 1017 2860 dixit

293 2895 464 2974 Herophile,
486 2896 581 2974 Phyto
603 2896 750 2975 Graiaque
771 2899 852 2975 quod
873 2899 996 2972 monuit,

203 3096 247 3141 53.
265 3093 428 3157 vittasquez
478 3093 604 3158 victasqus
621 3097 654 3144 0.
759 3098 805 3144 02.
824 3093 1124 3159 longa...v2·azSca1.

170 3159 288 3221 longam.
305 3158 413 3208 ..vzbm
425 3161 457 3209 0.
514 3163 559 3209 63.
578 3160 709 3209 laurorG.
766 3162 812 3211 64.
835 3159 995 3210 Vescarzvt
1027 3162 1125 3210 Nosm

170 3227 198 3272 A
230 3223 322 3272 Noscat
334 3223 403 3272 ΟΨ.
470 3227 563 3273 65-80
580 3225 639 3275 Bae,
651 3225 725 3275 holds
737 3227 806 3276 tobe
821 3227 943 3291 spurious,
956 3225 1124 3291 interpolated

170 3288 196 3337 in
209 3303 375 3353 consequence
387 3287 416 3338 of
424 3289 493 3338 there
504 3288 598 3354 having
608 3291 671 3341 been
683 3307 699 3340 a
712 3307 762 3406 gap
774 3291 837 3341 aiter
853 3292 870 3343 l.
882 3290 922 3355 64.
989 3296 1033 3345 67.
1055 3292 1128 3354 Quid

170 3357 236 3419 quod
246 3359 280 3405 Δ.
380 3357 427 3405 68.
444 3355 608 3419 EryphileG
657 3357 742 3423 Herip
760 3358 865 3409 ileAv.
937 3357 1028 3408 Phoeto
1042 3357 1124 3408 Gratia
