2574 3818
166 219 208 284 68
370 205 645 294 propriaram,
669 230 723 281 111.
747 234 897 300 5.,1-14.

585 449 653 521 111.
670 405 701 538 5.

201 616 280 659 1-0.
299 610 347 671 My
361 607 415 657 Gad
429 607 451 655 is
468 607 539 667 Lana,
552 623 569 655 a
583 607 637 656 Goa'
650 606 779 672 Mance:
796 607 816 655 I
826 621 882 655 care
898 613 942 654 nat
949 603 1067 671 forgold,

250 703 298 736 nar
305 702 380 751 gems,
394 701 443 734 nor
451 701 518 734 acres
528 685 599 734 wide.

249 804 333 863 Pacis
348 803 441 863 Amor
456 803 526 862 deus
541 812 592 873 est,
608 820 712 879 pacem
727 820 900 860 veneramur
915 811 1065 861 amantes:

291 902 374 961 Stant
394 901 464 958 mihi
486 918 554 959 curn
576 901 696 959 domina
717 901 826 977 praelia
847 900 920 959 dura
941 918 1015 960 mea.

251 1001 314 1060 Nec
335 1012 435 1060 tamen
456 986 548 1059 inviso
570 1010 674 1076 pectus
694 999 767 1058 mihi
788 1000 916 1076 carpitur
933 1016 1014 1071 aum,

291 1098 355 1158 Nec
376 1099 449 1158 bibit
470 1117 487 1156 e
508 1117 626 1175 gemma
647 1098 733 1156 divite
755 1107 855 1156 nostra
876 1097 937 1156 sitis
948 1116 956 1169 ;

175 1208 178 1214 ’
250 1199 315 1259 Nec
335 1199 407 1257 mihi
428 1198 506 1257 mille
528 1198 603 1274 iugis
625 1197 789 1274 Campania
810 1198 928 1274 pinguis
950 1207 1052 1269 aratur,
1101 1212 1118 1271 5
1174 1213 1209 1263 ,·

290 1297 355 1357 Nec
375 1299 462 1357 miser
482 1316 550 1355 aera
570 1315 641 1373 paro
662 1296 754 1366 clade,
777 1296 926 1370 Corintho,
948 1307 1006 1355 tua.

185 1511 285 1559 t-rn.
302 1505 450 1556 Ill-starred
456 1505 634 1556 Prometheus!
649 1507 705 1556 how
714 1507 778 1556 little
788 1505 864 1570 deftly
870 1505 1004 1555 didsttlzou
1016 1505 1072 1555 mix

251 1586 295 1648 thy
301 1585 371 1648 clay!
381 1585 436 1634 how
447 1585 551 1643 croakcd,
560 1585 616 1633 how
624 1584 806 1646 annullabunt
813 1591 892 1650 prone
900 1590 924 1633 to
932 1599 997 1645 war,
1006 1583 1073 1635 didst

251 1664 312 1712 thau
324 1663 394 1712 make
405 1663 445 1712 the
456 1663 522 1711 sauls
532 1662 640 1727 asmen!

252 1782 279 1843 O
301 1781 395 1858 prima
416 1780 515 1839 infelix
537 1780 659 1857 fingenti
680 1790 755 1839 terra
776 1779 968 1840 Prometheo!

291 1880 344 1938 Ille
366 1898 471 1956 parum
492 1889 577 1938 caute
599 1880 725 1956 pectoris
746 1879 806 1956 egit
827 1897 911 1956 opus.

251 1979 384 2056 Corpora
405 1978 563 2054 disponens
583 1988 714 2036 mentem
734 1996 797 2037 non
816 1963 887 2036 vidit
907 1977 937 2037 in
958 1987 1037 2037 arte:

292 2077 386 2136 Recta
407 2077 497 2135 animi
518 2076 646 2153 primum
666 2077 765 2136 debuit
786 2096 849 2136 esse
869 2077 923 2139 via.
1084 2094 1121 2135 10

252 2176 340 2235 Nunc
362 2177 450 2234 maris
471 2177 501 2234 in
523 2185 636 2236 tantum
657 2186 744 2234 vento
764 2176 914 2248 iactamur,
929 2186 957 2235 et
978 2176 1093 2234 hostem

292 2274 476 2349 Quaerimus,
498 2284 586 2352 atque
607 2275 696 2334 armis
716 2275 861 2333 nectimus
885 2293 966 2334 arma
986 2292 1071 2333 nova.
1144 2333 1146 2342 ,

171 2483 290 2527 18-18.
315 2453 358 2529 llet
369 2477 438 2526 shall
446 2493 482 2526 wc
496 2493 572 2540 carry
582 2478 678 2541 naught
692 2484 716 2526 to
727 2477 858 2527 Acheron:
875 2477 930 2527 rich
940 2477 996 2527 and
1002 2484 1072 2541 poor,

251 2556 346 2620 captive
357 2555 412 2603 and
419 2562 510 2619 captor,
524 2555 584 2604 will
591 2556 617 2605 bc
628 2555 739 2619 mingled
748 2556 777 2604 in
789 2556 829 2606 the
839 2555 925 2606 stades
935 2555 1049 2620 together.

254 2672 344 2731 Haud
364 2673 437 2731 ullas
458 2673 588 2750 portabis
609 2691 681 2749 opes
702 2673 877 2732 Acherontis
898 2673 936 2732 ad
957 2674 1060 2745 undas,

294 2771 398 2830 Nudus
418 2780 448 2830 at
469 2771 590 2843 inferna,
613 2771 706 2845 stulte,
726 2769 830 2832 vehere
851 2782 919 2831 rate.

203 2973 228 3021 2.
246 2973 323 3020 Stant
339 2970 382 3022 the
401 2970 474 3020 MSS.
493 2972 578 3020 Hertz.
598 2971 691 3020 Muller
764 2972 811 3020 Sat
828 2972 892 3020 from
913 2969 1045 3030 Livineius,
1065 2971 1123 3020 Bae.

170 3040 195 3086 3.
213 3044 297 3086 tamen
307 3039 360 3085 No
411 3044 512 3087 tantum
524 3036 601 3086 Lacb.
653 3038 702 3086 talc
714 3037 770 3086 Bae.
786 3037 902 3100 (scil‘ut
910 3036 978 3086 bella
986 3035 1086 3100 cupiam
1095 3034 1123 3100 ').

169 3105 196 3150 4.
211 3102 361 3165 geminaN.
429 3107 455 3152 6.
474 3103 586 3151 misero
639 3103 789 3153 mixtaBae.
838 3104 943 3152 aerest.
1010 3107 1037 3151 8.
1055 3107 1125 3150 cante

171 3170 225 3216 ΝΟ
269 3169 340 3216 cauti
351 3171 371 3216 Ζ
384 3169 469 3217 Hertz.
481 3169 565 3231 Paley‚
579 3167 693 3217 Mueller.
777 3171 819 3216 18.
836 3167 913 3216 Haut
929 3171 958 3216 N
999 3167 1083 3216 Haut
1091 3169 1124 3216 0.

171 3236 213 3280 14.
231 3232 590 3296 adinfernas...ratesNO
624 3233 655 3281 ab
667 3233 771 3298 inferna
788 3240 842 3283 rate
852 3234 906 3282 Per.
919 3236 941 3281 Ζ
982 3239 1010 3281 at
1021 3232 1126 3298 insama

172 3297 389 3365 *rate'Schraeden
412 3299 497 3348 Hertz.
519 3299 577 3354 Bae.
634 3298 670 3347 ad
684 3297 798 3362 infamas
814 3297 877 3361 conj.
897 3299 978 3348 Palm.
995 3298 1053 3347 who
1070 3297 1126 3348 also

172 3369 285 3426 suggests
296 3364 326 3411 in
337 3362 440 3428 insarno
451 3371 512 3413 rate.
