2574 3818
361 163 633 266 properemus,
656 209 704 258 rv.
731 213 790 273 11.,
815 213 912 271 55-72·
1056 211 1115 257 101

98 439 104 444 -
165 411 285 458 5540.
307 408 341 456 To
352 371 412 465 too,
422 407 485 456 deor
494 407 595 466 mother,
607 408 627 454 I
631 405 694 455 leave
704 405 809 470 brought
819 421 851 455 no
858 406 935 471 grief
938 406 983 455 but
992 405 1071 470 bymy

246 485 337 535 doeth:
357 487 443 535 Caesar
451 485 558 548 himself
563 485 664 534 boooailr
675 500 717 547 my
728 485 770 535 lot.

247 616 369 689 Necte,
392 617 476 678 dulce
497 628 591 694 caput,
612 628 706 676 mater
728 617 887 690 Scribonia,
910 616 998 676 laesi:
1080 632 1119 692 55

166 791 169 794 Ι
288 716 323 773 In
343 735 392 775 me
413 727 557 774 mutatum
578 716 652 792 quid
673 715 728 773 nisi
751 715 809 774 fata
830 716 921 774 velis?

164 825 167 833 ‘
249 813 389 874 Maternis
409 813 515 873 laudor
536 813 659 873 lacrimis
679 814 817 890 urbisque
839 814 983 890 querellis,

259 970 261 974 .
288 912 418 972 Defensa
439 924 467 972 et
488 915 598 989 gemitu
620 913 753 972 Caesaris
775 931 843 971 ossa
863 931 939 972 mea.
985 918 987 925 ’

249 1010 301 1069 Ille
322 1029 374 1069 sua
395 1022 464 1070 nata
486 1012 607 1088 dignam
627 1012 732 1070 vixisse
754 1029 886 1070 sororem

289 1108 432 1186 Increpat,
453 1120 482 1168 et
503 1110 637 1170 lacrimas
657 1109 782 1168 vidimus
802 1110 844 1168 ire
866 1108 941 1168 Deo.
1079 1109 1120 1166 60

164 1372 285 1420 01-72.
303 1371 323 1417 I
336 1370 400 1419 hove
415 1371 513 1434 gained
530 1371 629 1420 honour
642 1370 716 1435 from
736 1385 778 1434 my
795 1385 870 1430 sons;
886 1370 957 1420 twice
972 1370 1019 1418 loos
1035 1384 1076 1432 my

245 1447 345 1496 brothor
352 1449 427 1497 borne
437 1448 544 1497 comul's
553 1449 618 1514 office
624 1464 636 1507 ;
652 1464 694 1511 my
704 1448 830 1512 daughter
844 1448 866 1496 is
877 1447 974 1510 wonlzy
984 1447 1015 1510 of
1025 1447 1071 1496 lter

245 1541 316 1580 racc,-
333 1527 354 1574 I
360 1527 422 1575 love
433 1527 517 1591 ofoir
526 1543 608 1583 nome,
621 1543 637 1575 a
648 1524 770 1576 woman's
779 1526 877 1590 highest
883 1527 964 1590 glooy.

207 1667 213 1690 ‘
243 1654 282 1713 Et
292 1665 402 1713 ttamen
424 1655 533 1714 emerui
554 1672 715 1731 generosos
736 1653 823 1712 vestis
844 1635 980 1725 honores

284 1752 350 1811 Nec
371 1771 438 1812 mea
459 1753 496 1811 de
517 1753 606 1811 sterili
628 1752 705 1810 facta
726 1753 829 1829 rapina
851 1753 949 1812 domo.

245 1851 303 1922 Tu,
339 1849 460 1928 Lepide,
498 1861 527 1910 et
562 1862 601 1922 tu,
634 1851 733 1923 Paule,
770 1869 871 1909 meum
906 1862 973 1929 post
1009 1851 1068 1909 fata

368 1949 509 2021 levamen,

287 2046 414 2106 Condita
434 2060 501 2107 sunt
521 2058 617 2107 vestro
637 2047 748 2107 lumina
769 2058 869 2106 nostra
890 2048 964 2107 sinu.

246 2145 381 2204 Vidimus
402 2155 430 2203 et
450 2144 568 2203 fratrem
589 2144 690 2203 sellam
711 2145 876 2219 geminasse
896 2145 1035 2217 curulem,
1077 2148 1116 2222 65

287 2242 416 2302 Consule
437 2262 497 2319 quo
517 2243 594 2302 sacto
614 2253 746 2319 tempore
767 2253 850 2320 rapta
871 2263 961 2303 soror.

246 2340 326 2412 Filia,
349 2352 380 2400 tu
401 2342 551 2418 specimen
573 2359 712 2400 censurae
732 2351 801 2402 nata
822 2353 969 2418 patemae‚

212 2430 215 2438 ’
284 2439 345 2498 Fac
365 2450 466 2497 teneas
487 2458 579 2497 unum
600 2458 655 2498 nos
675 2440 788 2498 imitata
808 2441 912 2512 virum,

244 2538 282 2596 Et
304 2538 377 2596 serie
398 2537 495 2596 fulcite
515 2556 626 2614 genus:
651 2538 723 2596 mihi
743 2540 850 2614 cymba
871 2539 978 2598 volenti

283 2636 409 2695 Solvitur
430 2637 555 2695 aucturis
576 2646 619 2695 tot
639 2655 706 2695 mea
727 2636 786 2695 fata
807 2639 889 2696 meis.
1076 2651 1115 2712 70

244 2732 329 2792 Haec
350 2744 394 2792 est
415 2735 532 2793 feminei
553 2752 667 2793 merces
688 2745 817 2794 extrema
837 2735 984 2812 triumphi,

283 2831 398 2891 Laudat
418 2833 469 2891 ubi
490 2833 643 2892 emeritum
664 2833 755 2892 libera
775 2834 854 2892 sama
875 2852 990 2910 rogum.

194 3069 240 3116 68.
263 3067 426 3118 To...tc‘0
465 3068 646 3115 Tu...tuz.
716 3069 762 3114 65.
779 3067 840 3115 sella
851 3065 1013 3129 ingemuisse
1028 3067 1117 3115 curuli

162 3133 221 3181 Bae.
321 3135 368 3180 66.
389 3132 486 3181 Consul
498 3147 546 3196 quo
553 3132 642 3195 sactus
651 3138 758 3196 tempore
769 3131 846 3180 Lach.
876 3133 935 3182 Bae.
947 3131 994 3180 has
996 3131 1068 3194 salso
1079 3133 1117 3180 lor

152 3197 224 3260 facto
266 3197 301 3244 H.
314 3197 347 3246 A.
359 3197 383 3261 J.
397 3198 489 3246 Mnnro
500 3197 564 3260 conj.
569 3197 636 3261 festo
647 3213 676 3246 or
677 3197 743 3261 soti.
835 3202 879 3250 70.
897 3197 1114 3247 auctun'szedd.

161 3263 279 3311 uncturis
290 3266 344 3311 DV
378 3263 536 3325 nuptuoier'·
571 3264 620 3312 For
622 3263 685 3327 fata
696 3263 763 3312 Post.
776 3261 839 3326 conj.
843 3263 918 3326 facta
960 3263 1021 3312 mez's
1037 3263 1115 3313 Laeli.

159 3329 239 3378 Palm.
258 3329 316 3378 Bae.
368 3329 478 3378 roralisO
491 3329 578 3379 Hertz.
