2574 3818
134 179 138 188 ’
181 242 189 252 ,
207 187 250 252 62
411 190 685 257 PROPERTJUS,
706 196 760 247 ΙΙΙ.
786 201 826 260 1.,
851 208 947 259 29—40.

288 354 537 434 Deiphobumque
558 354 768 433 Helenumque
790 365 819 416 et
840 354 1066 432 Pulydamantas
1087 357 1117 417 in

412 455 522 514 annis?

329 533 582 630 Qualemcumque
603 552 690 612 Parin
711 553 758 612 vix
780 571 833 612 sua
852 562 952 612 nosset
972 552 1086 616 humus.
1121 573 1162 629 3ο
1203 551 1206 555 ’

288 649 406 727 Exiguo
427 670 561 711 sermone
582 650 659 712 fores
680 669 757 710 nunc
778 651 863 724 Ilion,
884 661 913 710 et
934 661 966 710 tu
1074 661 1076 666 ’

329 749 420 809 Troia
440 750 486 808 bis
508 749 610 810 Oetaei
631 750 751 809 numine
772 759 858 828 capta
880 750 936 809 dei.

206 900 326 944 83-40.
342 893 407 943 And
418 909 447 943 as
459 893 576 944 Hanuds
583 893 657 959 sante
668 909 739 957 grew
749 909 806 943 ever
817 900 918 957 greater
927 909 956 942 as
970 894 1030 966 tinne
1043 904 1110 944 went

287 988 328 1029 sn,
339 987 365 1042 so
376 979 414 1022 too
424 972 493 1022 stall
502 973 577 1022 mim.

243 1116 245 1131 ,
288 1063 353 1123 Nec
374 1082 435 1123 non
456 1065 503 1124 ille
523 1065 565 1123 tui
586 1083 671 1124 casus
691 1073 870 1123 memorator
891 1062 1043 1122 Homerus

329 1163 499 1222 Posteritate
521 1182 605 1223 suurn
627 1182 755 1223 crescere
777 1163 867 1222 sensit
887 1181 961 1240 opus
972 1182 981 1234 ;

287 1260 398 1339 Meque
419 1263 494 1320 inter
514 1281 595 1322 seros
612 1263 744 1321 laudabit
765 1261 862 1321 Roma
883 1271 1023 1338 nepotes:
1120 1279 1158 1339 35

328 1356 415 1414 Illum
436 1367 503 1434 post
524 1358 635 1416 cineres
656 1375 783 1432 auguror
802 1358 865 1432 ipse
887 1357 974 1416 diem.

289 1447 335 1509 Ne
356 1469 423 1510 mea
443 1460 613 1528 contempto
634 1450 707 1528 lapis
728 1451 836 1510 indicet
856 1470 924 1510 ossa
944 1451 1076 1528 sepulcro

244 1589 258 1604 ,
329 1544 481 1604 Provisum
503 1555 547 1605 est
567 1545 659 1621 Lycio
680 1554 746 1605 vota
767 1547 909 1622 probante
930 1545 1005 1616 deo;

290 1641 434 1703 Carminis
454 1644 565 1704 interea
584 1644 675 1704 nostri
699 1644 852 1703 redeamus
873 1644 903 1701 in
923 1646 1036 1714 orbern,

330 1740 465 1801 Gaudeat
486 1753 518 1801 ut
538 1742 623 1802 solito
644 1752 721 1802 tacta
741 1739 837 1821 puella¹
857 1760 940 1810 sono.
1119 1761 1159 1815 40

629 1941 694 2004 ΙΙΙ.
713 1957 741 2003 a.

224 2061 303 2106 1-8.
323 2055 357 2120 If
363 2056 483 2119 Orpheus,
491 2056 628 2120 Amphion,
637 2056 693 2105 and
697 2055 863 2119 Polyphemus
874 2056 991 2119 wrought
1002 2057 1110 2105 niarasis

288 2134 352 2182 with
363 2133 431 2183 their
439 2135 539 2198 sangnis
554 2134 576 2183 it
590 2140 691 2202 strange
701 2134 757 2183 stat
768 2133 880 2182 ntaidens
890 2133 981 2182 slrould
988 2133 1015 2182 be
1026 2134 1111 2184 ntoved

288 2212 318 2274 by
328 2212 409 2261 words
418 2212 450 2276 os
455 2211 543 2262 mine?

289 2303 408 2380 Orphea
429 2304 564 2363 delinisse
585 2305 661 2364 feras
681 2315 710 2363 et
730 2305 846 2364 concita
866 2304 965 2362 dicunt

328 2403 463 2462 Flumina
483 2402 619 2463 Threicia
639 2404 806 2464 sustinuisse
826 2403 904 2479 lyra:

291 2495 368 2559 Sarra
390 2501 571 2561 Cithaeronis
592 2503 713 2562 Thebas
734 2503 840 2580 agitata
861 2520 913 2578 per
933 2510 1025 2559 artem

261 2635 262 2641 κ
286 2643 287 2650 1
331 2598 441 2676 Sponte
462 2618 514 2658 sua
535 2601 565 2658 in
587 2602 661 2659 muri
682 2603 814 2660 membra
835 2600 928 2659 coisse
947 2599 1060 2658 lerunt:

239 2758 284 2805 29.
302 2755 337 2806 So
347 2755 434 2805 Hertz.
444 2755 528 2819 Paley‚
537 2755 618 2803 Palm.
635 2754 841 2818 polilcdamantes
850 2755 879 2802 in
890 2755 972 2802 armis
980 2757 1009 2803 N
1021 2753 1085 2817 pali
1093 2755 1157 2804 leda-

207 2829 302 2871 ntantes
319 2825 344 2870 1¹
389 2821 574 2884 Polydamanta
587 2819 632 2868 sub
648 2819 729 2868 armis
741 2824 762 2867 z
807 2820 992 2882 Polydamanta
1002 2826 1026 2869 et
1037 2819 1066 2868 in
1077 2822 1158 2869 armis

206 2889 265 2937 Bae.
278 2886 391 2937 Mueller.
447 2889 610 2950 30.pan‘1tl
638 2885 764 2948 patino
804 2892 883 2934 noscet
893 2888 954 2935 DV.
1008 2889 1052 2934 33.
1071 2901 1159 2936 numo·

206 2957 330 3003 raturltl.
383 2954 428 3002 35.
446 2954 490 3002 Me
501 2967 596 3016 qnoque
601 2957 652 3014 per
660 2965 724 2999 seros
732 2947 795 3013 conj.
806 2951 863 3000 Bae.
917 2954 961 3000 36.
979 2965 1065 3015 augur
1108 2952 1159 3014 iare

205 3019 263 3067 deae
280 3022 316 3067 N.
393 3024 437 3071 87.
454 3018 532 3081 lapsis
543 3020 579 3067 N.
665 3019 710 3065 39.
728 3016 784 3066 The
795 3015 867 3066 MSS.
879 3015 954 3080 begin
966 3016 1008 3065 the
1022 3015 1069 3064 and
1081 3017 1158 3066 Poem

205 3084 271 3132 here.
304 3083 351 3134 See
362 3093 439 3134 notes
534 3086 579 3132 40.
597 3088 627 3130 ut
637 3079 695 3130 WZ
708 3081 795 3131 Hertz.
807 3082 887 3131 Palm.
938 3083 1078 3132 imolitoN
1129 3085 1158 3133 in

205 3151 275 3198 solito
287 3152 370 3198 ΒΗΘ
384 3151 469 3200 Hertz.
481 3149 539 3198 Bae.

238 3219 261 3262 1.
278 3214 394 3265 delinisse
409 3215 472 3278 conj.
484 3215 612 3276 Ayrmann
660 3211 795 3263 detinuisse
811 3211 973 3262 NWHenz.
1023 3213 1160 3263 attenuisse

207 3276 268 3328 W
280 3280 334 3329 Per.
347 3279 408 3342 (and
418 3281 436 3330 1.
448 3283 472 3344 a)
507 3279 681 3330 tetenuisseD
715 3279 831 3328 delenisse
839 3279 897 3328 Bae.
905 3278 1018 3328 Mueller.
1069 3282 1094 3327 2.
1105 3295 1163 3326 sus-

206 3345 313 3395 tinuisse
324 3349 379 3395 M·
388 3346 443 3396 edd.
471 3346 606 3396 detinuisse
617 3348 678 3393 DV.
728 3347 755 3395 4.
772 3345 802 3394 in
814 3345 886 3394 muti
896 3349 949 3394 DV
976 3344 1112 3395 innnnuri
1121 3347 1165 3394 ts.-
