2574 3818
394 193 611 263 rrnurrru,
634 197 687 250 111.
710 198 752 266 5„
778 209 877 264 17-34.
1068 204 1110 270 33

243 352 393 438 [Natalem
413 357 509 435 primo
529 365 663 417 nostrum
683 356 781 417 videre
801 368 946 435 parentes,

282 455 361 516 Cum
381 455 486 515 cecidit
506 454 567 515 fato
588 455 691 516 consul
711 465 834 534 uterque
855 452 940 539 pari]

241 553 323 627 Quid
343 553 475 614 fraudare
495 553 573 613 iuvat
593 554 681 614 vitem
701 555 897 614 crescentibus
917 553 989 627 urie,

281 650 320 714 Et
339 652 432 712 modo
452 662 521 712 nata
541 651 620 712 mala
638 651 743 712 vellere
763 670 855 730 poma
874 653 986 713 manui
1071 671 1109 711 20

159 859 278 904 til-84.
298 853 356 904 oh!
371 859 443 918 spart
459 857 505 914 me,
518 853 579 917 gods
593 852 670 918 oftlre
686 853 769 903 world
782 853 874 904 below:
886 861 968 918 grant
982 860 1007 905 to
1022 870 1060 905 me

236 939 264 984 to
279 932 352 982 reach
367 931 410 981 old
417 946 468 995 age.
502 929 566 980 Livc
576 931 687 997 happily,
699 947 741 995 my
743 931 856 996 friends,
867 933 922 982 and
922 933 1008 998 fhrget
1017 939 1061 984 not

239 1016 264 1061 to
274 1009 304 1060 do
313 1009 473 1075 sacn‘ficefor
483 1024 528 1059 me.

239 1123 360 1196 Parcite,
381 1123 523 1200 pallentes
543 1121 638 1181 undas
659 1123 837 1202 quicumque
858 1123 971 1196 tenetis,

278 1220 418 1299 Duraque
440 1220 532 1280 sortiti
552 1221 636 1280 tertia
649 1240 745 1298 regna
766 1221 822 1281 dei.
900 1263 904 1284 .

239 1319 356 1398 Elysios
377 1319 448 1379 olim
468 1317 553 1380 liceat
574 1337 754 1396 cognoscere
775 1337 904 1396 campos,

279 1417 496 1494 Lethaeamque
517 1428 609 1478 ratem
630 1416 863 1495 Cimmeriosque
884 1417 975 1489 lacus,

239 1516 318 1577 Cum
336 1534 404 1575 mea
423 1533 532 1592 rugosa
552 1515 703 1592 pallebunt
723 1534 776 1575 ora
796 1525 922 1589 senecta,
1070 1536 1085 1574 2
1090 1533 1112 1591 5.

279 1614 318 1674 Et
337 1614 459 1674 referam
480 1614 579 1691 pueris
598 1623 733 1691 tempora
753 1614 852 1692 prisca
872 1632 970 1674 senex.

165 1727 167 1732 ’
238 1713 335 1790 Atque
355 1713 466 1772 utinam
484 1731 562 1772 vano
582 1713 760 1791 nequiquam
779 1723 886 1773 terrear
907 1713 1004 1773 aestui

278 1811 433 1890 Languent
452 1821 497 1870 ter
514 1811 620 1887 quinos
642 1812 695 1870 sed
714 1829 781 1870 mea
801 1813 934 1871 membra
954 1810 1025 1870 dies.

238 1911 278 1970 At
297 1911 380 1971 vobis
402 1909 519 1970 Tuscae
540 1909 722 1970 celebrantur
743 1911 866 1969 numina
885 1908 1036 1987 lymphae,

277 2008 317 2068 Et
335 2007 428 2069 facilis
447 2008 526 2068 lenta
546 2008 661 2086 pellitur
681 2007 762 2067 unda
780 2026 880 2066 manu.
1067 2025 1105 2082 30

237 2107 331 2167 Vivite
352 2107 459 2178 felices,
480 2103 627 2166 memores
648 2115 678 2165 et
697 2105 781 2164 vivite
802 2105 901 2176 nostri,

279 2204 343 2266 Sive
364 2205 479 2277 erimuS,
502 2223 553 2264 seu
574 2222 629 2263 nos
650 2203 709 2263 fata
729 2203 817 2262 fuisse
838 2203 933 2262 velint.
989 2208 992 2212 ’

236 2304 349 2364 Interea
369 2304 469 2379 nigras
489 2301 619 2379 pecudes
639 2301 796 2379 promittite
816 2300 887 2375 Diti,

198 2455 201 2461 .
276 2402 314 2463 Et
334 2402 410 2462 nivei
430 2400 513 2461 lactis
534 2400 641 2478 pocula
661 2400 753 2460 mixta
773 2418 864 2460 mer0.

189 2604 230 2652 21.
248 2602 330 2652 undas
346 2605 371 2653 0
386 2601 469 2652 Plane
506 2601 609 2650 umbras
621 2605 650 2650 z.
716 2601 762 2648 ΕΘ.
778 2600 817 2649 At
831 2599 898 2652 vobis
915 2596 978 2649 ov*
1021 2599 1104 2664 Atque

156 2668 225 2719 nobis
234 2667 326 2717 ΔΨ..
373 2672 413 2718 31.
432 2666 556 2732 ‘Perhaps
565 2667 609 2717 sed
618 2664 693 2733 (set).'
706 2665 812 2716 Palmer.
878 2667 922 2716 32.
939 2665 1023 2716 volent
1033 2668 1063 2713 z.
