2574 3818
181 205 222 272 26
412 213 627 286 TJBULLUS,
651 221 690 271 ΙΙ.
713 219 755 287 5.,
779 221 894 287 89-122.

583 329 593 356 l

261 381 312 440 Ille
333 381 402 440 levis
424 381 544 458 stipulae
566 381 721 441 sollemnes
746 391 833 459 potus
855 401 972 442 acervos

302 479 458 550 Accendet,
480 481 614 538 flammas
634 481 830 558 transilietque
852 499 957 540 sacras.
1090 501 1129 557 90

259 579 298 638 Et
318 579 391 637 fetus
412 588 544 638 matrona
565 578 653 650 dabit,
674 589 817 657 natusque
838 581 950 656 parenti

302 677 411 738 Oscula
432 673 611 754 comprensis
633 679 749 737 auribus
769 679 875 755 eripiet,

259 777 324 836 Nec
345 777 469 836 taedebit
490 796 575 836 avum
596 796 686 854 parvo
708 778 862 854 advigilare
883 778 993 855 nepoti,

300 875 450 954 Baibaque
471 894 539 934 curn
560 893 652 953 puero
674 877 769 935 dicere
790 878 878 935 verba
899 895 1009 935 senem.

179 1097 319 1140 95-104.
341 1090 392 1140 The
402 1091 483 1153 youth
500 1090 568 1139 shall
580 1085 653 1139 build
661 1090 727 1154 leafy
738 1091 836 1151 bomem,
848 1090 903 1139 and
910 1090 970 1139 lzeld
978 1090 1082 1154 bouquet

260 1185 292 1218 on
303 1169 344 1218 the
354 1169 411 1217 sed:
429 1169 457 1233 if
463 1176 522 1233 eups
533 1169 610 1232 bring
618 1183 701 1232 angry
709 1169 790 1218 words
801 1175 825 1218 to
836 1184 895 1232 any,
908 1169 938 1217 hc
949 1169 1007 1218 will
1016 1167 1080 1217 wisi

260 1246 326 1296 them
338 1247 434 1295 unsaid
443 1247 516 1296 when
526 1248 599 1297 seber.

260 1364 348 1423 Tunc
369 1373 487 1443 operata
508 1332 564 1423 deo
585 1367 677 1441 pubes
699 1365 859 1424 discumbet
880 1365 911 1422 in
932 1363 1030 1436 herba,
1089 1377 1127 1438 95

299 1463 421 1522 Arboris
442 1463 577 1539 antiquae
598 1483 657 1540 qua
678 1464 748 1522 levis
768 1466 872 1523 umbra
892 1463 978 1534 cadit,
1129 1515 1143 1559 «t

259 1562 320 1620 Aut
341 1581 358 1619 e
379 1570 457 1620 veste
479 1579 531 1620 sua
552 1563 671 1621 tendent
692 1563 863 1648 umbracula
884 1561 965 1620 sertis
988 1529 1128 1642 inusti

283 1659 416 1732 ·Vincta,
438 1670 593 1728 coronatus
615 1660 700 1718 stabit
721 1669 749 1718 et
770 1668 837 1717 ante
858 1659 981 1742 caiix..,t
993 1621 1070 1713 ‘sbi

260 1758 299 1816 At
320 1758 375 1816 sibi
396 1759 519 1836 quisque
540 1757 630 1835 dapes
652 1768 679 1818 et
700 1758 786 1817 festas
808 1740 936 1826 exstruet
955 1758 1012 1816 'alte
1107 1743 1111 1750 ⁴

301 1855 482 1939 Qpitibus
504 1876 621 1916 mensas
644 1858 878 1935 caespitibusque
900 1867 1004 1914 torum.
1071 1873 1127 1913 roo

168 1995 173 2000 -
228 2022 230 2026 ,
260 1955 376 2032 Ingeret
397 1956 444 2014 hic
465 1966 551 2032 potus
571 1956 681 2014 iuvenis
702 1956 856 2015 maledicta
877 1955 997 2032 puellae,

301 2053 461 2114 Postmodo
483 2073 558 2132 quae
578 2055 652 2114 votis
673 2055 750 2113 irrita
771 2054 848 2114 sacta
867 2053 961 2115 velit:

261 2151 340 2210 Nam
360 2152 504 2212 ferus'ille
526 2171 594 2212 suae
615 2153 739 2229 plorabit
761 2153 874 2212 sobrius
895 2151 981 2224 idern,
1042 2221 1044 2224 ⁸

300 2245 338 2304 Et
360 2265 390 2306 se
412 2247 516 2306 iurabit
537 2257 634 2306 mente
655 2246 742 2306 fuisse
763 2247 848 2305 mala.

94 2524 97 2530 Ι
180 2462 339 2506 los-112.
357 2459 413 2506 But
424 2459 512 2523 perish
529 2459 597 2519 theu,
615 2460 688 2520 Leve,
705 2459 769 2508 wita
786 2460 830 2522 thy
845 2459 897 2508 evil
908 2457 995 2521 ways!
1010 2459 1080 2507 what

260 2535 379 2600 mischief
389 2535 446 2585 uass
460 2537 520 2586 theu
537 2537 671 2601 wreuglst!
688 2544 750 2586 most
767 2538 798 2602 of
809 2537 848 2586 all
863 2543 887 2586 te
906 2553 951 2598 me,
972 2537 1035 2610 wlco!
1046 2537 1079 2586 lie

261 2612 426 2678 leue-sicksbr
436 2629 477 2676 my
487 2615 607 2675 Nemesis,
619 2615 675 2663 and
683 2615 734 2664 leue
744 2631 770 2664 so
781 2622 804 2664 te
815 2615 855 2664 lie.

261 2729 337 2789 Pace
358 2740 407 2789 tua
427 2741 547 2808 pereant
567 2751 652 2791 arcus
672 2742 849 2810 pereantque
871 2733 1001 2808 sagittae,
1070 2748 1126 2807 105

301 2828 427 2902 Phoebe,
450 2831 540 2889 modo
560 2832 590 2889 in
611 2833 692 2890 terris
713 2841 787 2890 erret
807 2831 923 2889 inermis
944 2831 1045 2890 Amor.

260 2927 317 2985 Ars
330 2929 426 2987 bona:
449 2930 500 2988 sed
515 2940 671 3006 postquam
686 2931 808 3007 sumpsit
822 2930 877 2987 sibi
891 2929 948 2987 tela
963 2928 1089 3004 Cupido,

230 3071 233 3077 ,
302 3026 371 3086 Heu
391 3027 448 3085 heu
469 3046 558 3104 quam
578 3028 676 3086 multis
697 3048 744 3088 ars
766 3028 844 3086 dedit
864 3028 918 3086 ista
938 3027 1065 3084 malum!

212 3225 257 3271 92.
273 3225 423 3287 comprensis
432 3228 480 3274 ΘΖ
508 3226 648 3289 compressis
660 3229 721 3273 AV.
771 3230 935 3290 suspirata
948 3229 973 3275 G
1000 3231 1126 3291 opertaA.

179 3293 225 3338 98.
242 3293 333 3338 antez
362 3291 456 3353 ipseo.
512 3295 558 3340 99.
575 3298 673 3340 extruet
685 3290 720 3339 Ψ
748 3295 894 3342 extricato.
949 3292 1126 3342 mutuorum

179 3358 241 3404 Av.
318 3359 378 3404 103.
396 3358 466 3405 Nam
477 3360 532 3408 AV
565 3358 622 3405 Iam
636 3360 661 3406 G
674 3358 732 3406 Bae.
