2574 3818
402 183 676 265 PROPERT108‚
694 189 718 242 1.
738 175 796 254 18„
822 189 885 241 1-8.
1074 196 1116 262 39

249 344 304 405 Illa
324 363 392 406 meo
413 363 497 409 caros
518 349 655 408 donasset
675 348 776 408 funere
796 348 898 421 crines,
980 369 982 375 ’

289 441 419 505 Molliter
439 456 468 507 et
488 456 587 506 tenera
607 455 729 523 poneret
749 464 817 506 ossa
837 464 924 506 rosa:

248 540 302 602 Illa
322 562 421 604 meum
439 555 573 614 extremo
593 546 747 606 clamasset
767 546 885 623 pulvere
906 564 1026 620 nomen,

289 639 331 700 Ut
349 643 422 702 mihi
442 662 504 703 non
523 644 584 704 ullo
604 643 735 722 pondere
756 655 831 705 terra
851 645 933 706 foret.

167 865 288 913 ΒΗΘ.
305 861 380 930 Hclp,
387 879 421 928 ye
434 880 475 916 sea
488 865 623 932 daughters
633 866 767 932 ofDoris!
782 866 845 931 ifyc
859 873 897 918 too
911 867 984 918 know
995 865 1067 929 Iove,

249 939 319 991 make
329 941 395 992 kind
403 950 427 994 to
438 960 476 994 me
480 959 551 1008 your
559 945 649 996 shores.
686 983 690 994 .

255 1061 296 1121 At
315 1079 367 1120 vos
387 1079 550 1140 aequoreae
571 1062 701 1123 formosa
720 1061 831 1122 Doride
851 1072 947 1136 natae,
1080 1083 1118 1140 ²5

201 1185 203 1190 ¹
297 1161 431 1246 Candida
451 1161 531 1222 felici.
547 1161 647 1222 solvite
667 1161 731 1220 vela
751 1161 870 1221 choro:'

250 1261 421 1340 Siquando
441 1271 550 1321 vestras
571 1261 673 1320 labens
693 1260 789 1319 Amor.
808 1260 900 1338 attigit
920 1260 1022 1334 undae,

290 1359 453 1432 Mansuetis
470 1359 551 1420 socio
570 1359 681 1437 parcite
701 1358 839 1419 litoribus.

590 1724 618 1788 1.
636 1722 687 1818 18.

201 1867 281 1912 1-4.
298 1861 333 1910 In
348 1859 401 1910 this
414 1859 491 1910 silent
500 1858 586 1938 [erest.
598 1865 622 1909 to
636 1860 701 1911 these
714 1860 795 1924 lmuly
811 1859 887 1922 rocks,
902 1859 923 1910 I
933 1874 991 1923 may
1001 1865 1072 1924 pour

247 1937 316 2000 forth
328 1952 370 2001 my
375 1937 451 2002 pain.
1088 1943 1090 1948 '

250 2054 334 2115 Haec
356 2063 432 2115 certe
453 2053 568 2120 deserta
588 2055 654 2115 loca
675 2065 704 2115 et
724 2055 867 2116 taciturna
888 2055 1029 2134 querenti,

289 2153 328 2213 Et
347 2160 474 2213 vacuum
496 2151 622 2230 Zephyri
642 2153 771 2231 possidet
792 2172 863 2212 aura
884 2171 1000 2212 nemus.

251 2251 311 2312 Hic
332 2252 400 2312 licet
421 2250 554 2312 occultos
574 2251 703 2329 proferre
723 2251 833 2330 inpune
854 2251 979 2322 dolores,

174 2433 176 2440 Α
258 2359 261 2369 ’
292 2350 322 2410 Si
342 2351 434 2411 modo
455 2351 518 2411 sola
540 2360 650 2429 queant
671 2368 743 2410 saxa
763 2360 862 2410 tenere
883 2349 980 2410 fidem.
1023 2365 1025 2370 ·

186 2584 286 2630 5-10.
308 2579 413 2707 ”elme
433 2593 501 2628 came
522 2577 567 2642 thy
583 2576 667 2644 pride,
688 2576 820 2640 Cynthia?
835 2575 917 2628 where
935 2576 1011 2642 began
1029 2591 1071 2639 my

243 2657 319 2722 fault
351 2713 353 2718 ,
414 2707 416 2712 ,

250 2774 339 2834 Unde
352 2783 420 2834 tuos
433 2773 562 2850 primum
576 2781 717 2849 repetam,
731 2789 798 2831 mea
812 2769 947 2850 Cynthia,
962 2771 1074 2832 fastus?
1100 2787 1118 2847 5

290 2872 383 2946 Quod
402 2871 474 2931 mihi
495 2871 549 2931 das
569 2871 668 2942 flendi,
682 2869 817 2948 Cynthia,
830 2871 1025 2948 principium?

250 2970 311 3044 Qui
330 2970 422 3030 modo
442 2969 539 3030 felices
559 2969 633 3028 inter
653 2970 827 3027 numerabar
847 2978 988 3041 amantes,

291 3068 380 3130 Nunc
401 3069 432 3128 in
453 3087 555 3128 amore
575 3077 627 3126 tuo
648 3083 740 3143 cogor
760 3067 866 3126 habere
887 3076 997 3127 notem.

201 3261 247 3311 26.
264 3258 336 3309 choro
347 3262 430 3309 m
466 3266 523 3309 noto
534 3261 595 3309 DV.

202 3329 227 3376 ³.
245 3325 408 3391 impuneAD
440 3324 741 3390 inpuneleandtherest.
783 3323 1119 3394 7.numcrabarimerAI'.
