2574 3818
399 245 677 314 PROPERTIUS5
699 252 738 302 11.
766 255 826 314 12„
853 264 930 301 1-12.
1099 256 1138 325 51

271 408 396 482 Omnia‚··
411 409 498 468 crede
519 409 598 480 mihi,
619 428 719 469 secum
740 429 802 469 uno
823 429 946 471 munera
966 409 1043 472 lecto

311 507 432 568 Auferet
451 509 572 567 extremi
593 508 702 568 funeris
723 519 784 568 atra
805 509 886 569 dies:

268 607 308 666 Et
327 617 377 666 tua
397 607 529 666 transibit
550 619 743 667 contemnens
767 626 834 668 ossa
854 609 956 682 viator,
1122 626 1140 690 5

310 705 374 780 Nec¹
397 706 491 769 dicet:
518 706 617 766 ‘Cinis
637 707 685 767 hic
706 708 794 767 docta
814 708 911 785 puella
931 706 1002 768 fuit?

605 1008 651 1070 ΙΙ.
671 1025 719 1072 12.

221 1150 299 1194 1-8.
316 1145 384 1194 How
399 1145 537 1194 wondrous'
547 1146 627 1194 clever
639 1160 692 1192 was
708 1143 749 1192 tlte
760 1144 868 1206 painter
879 1143 934 1192 who
941 1144 1006 1206 first
1022 1144 1090 1196 drew

267 1223 333 1272 Love
343 1239 372 1271 as
382 1239 398 1272 a
405 1223 484 1286 giddy
491 1223 553 1286 Boy,
564 1223 619 1272 and
627 1222 744 1271 cndmvcd
752 1222 815 1270 with
827 1221 927 1285 wings!

268 1341 456 1419 Quicumque
476 1341 523 1399 ille
544 1341 606 1412 fuit,
626 1359 751 1418 puerum
772 1341 823 1417 qui
843 1341 937 1418 pinxit
958 1341 1108 1414 Amorem,

310 1439 419 1500 Nonne
441 1449 525 1518 putes
546 1441 633 1499 miras
654 1439 734 1499 hunc
755 1439 891 1499 habuisse
913 1443 1042 1501 manus?

267 1540 297 1598 Is
318 1540 445 1616 primum
465 1540 535 1598 vidit
557 1540 618 1598 sine
640 1557 728 1598 sensu
748 1541 841 1599 vivere
863 1549 1004 1612 amantes,

306 1639 345 1698 Et
365 1639 474 1698 levibus
495 1638 572 1698 curis
593 1656 702 1714 magna
722 1638 816 1715 perire
837 1638 925 1698 bona

266 1736 349 1795 Idem
372 1756 433 1797 non
454 1737 560 1796 frustra
580 1747 715 1795 ventosas
737 1736 847 1794 addidit
867 1737 936 1809 alas
1053 1805 1055 1810 ,
1119 1749 1136 1812 5

307 1835 389 1894 Fecit
409 1845 438 1894 et
458 1834 587 1894 humano
609 1834 696 1894 corde
715 1833 813 1893 volare
835 1835 943 1910 deum3
1041 1816 1044 1826 ¹

267 1931 383 1992 Scilicet
404 1933 515 1991 alterna
535 1932 676 2009 quoniam
696 1933 840 1992 iactamur
860 1935 890 1991 in
912 1933 1000 2004 unda,

305 2030 473 2108 Nostraque
494 2050 556 2090 non
576 2031 641 2090 ullis
662 2043 813 2107 permanet
833 2050 903 2090 aura
924 2031 1005 2092 locis.

200 2275 300 2319 0-16.
318 2269 424 2333 Rightly
434 2276 472 2319 too
482 2228 510 2318 'is
525 2268 555 2317 be
569 2267 660 2316 armed
668 2267 731 2315 with
746 2282 763 2315 a
778 2267 830 2315 bow
844 2267 899 2316 and
907 2268 970 2317 with
982 2269 1087 2332 quiver:

264 2347 320 2396 lrow
330 2347 403 2412 swist
412 2347 467 2396 and
474 2362 533 2396 sure
543 2346 574 2395 Ιιι
584 2345 692 2395 strikes!
713 2347 748 2394 In
759 2361 801 2408 my
812 2345 893 2394 breast
903 2346 944 2394 lu's
954 2347 1034 2412 shafts
1044 2364 1088 2396 arc

254 2425 330 2490 fast:
346 2425 376 2476 lae
386 2426 433 2474 has
444 2427 490 2474 lost
500 2424 541 2474 his
552 2424 641 2487 wings,
653 2423 709 2472 and
716 2423 808 2472 drains
819 2439 861 2486 my
871 2424 996 2489 lifiablood
1002 2425 1057 2488 day.

263 2572 302 2633 Et
323 2573 426 2632 merito
447 2572 570 2631 hamatis
592 2591 697 2630 manus
718 2581 761 2630 est
782 2582 893 2631 armata
914 2573 1033 2648 sagittis

304 2672 342 2732 Et
357 2672 499 2749 pharetra
513 2689 550 2729 ex
565 2670 688 2730 humero
704 2669 817 2730 Gnosia
838 2679 963 2747 utroque
985 2672 1059 2731 iacet
1065 2693 1073 2746 ;
1099 2694 1135 2733 10

264 2775 342 2832 Ante
365 2771 428 2830 ferit
449 2771 598 2848 quoniam,
617 2771 670 2829 tuti
690 2788 780 2846 quam
802 2771 948 2829 cernimus
968 2771 1092 2846 hostem,

303 2871 367 2932 Nec
390 2870 547 2948 quisquam
569 2888 606 2928 ex
627 2869 677 2927 illo
697 2869 815 2928 vulnere
837 2888 924 2929 sanus
945 2871 1013 2929 abit.

213 3135 238 3180 3.
256 3135 370 3181 secumz
382 3133 467 3181 Hertz.
479 3139 525 3182 etc.
560 3139 639 3180 tecum
651 3134 704 3179 ΝΟ
717 3131 772 3181 Per.
782 3131 840 3180 Bae.
907 3133 933 3179 6.
950 3131 1067 3180 cuiusm.
1143 3157 1148 3164 ·

213 3200 236 3245 1.
249 3199 353 3261 primus
363 3201 396 3247 Γ.
464 3201 488 3246 3.
506 3199 535 3247 Is
546 3200 630 3245 NDV
662 3197 753 3246 Hicm
811 3200 837 3245 6.
855 3196 1134 3248 humanasorteHein-

180 3262 231 3312 sius
264 3263 377 3311 immani
385 3263 453 3312 corde
465 3265 598 3313 Burmann.
632 3262 690 3312 Bae.
702 3267 815 3326 suggests
826 3262 938 3311 humano
948 3263 1017 3311 calce.
1107 3269 1133 3313 8.

181 3328 239 3378 Bae.
252 3327 315 3391 conj.
327 3329 418 3378 umbra
429 3329 467 3378 sor
477 3344 551 3380 aura.
655 3333 696 3378 10.
715 3335 818 3393 uterque
830 3331 866 3378 Ν.
957 3330 998 3377 12.
1015 3329 1069 3378 abit
1079 3332 1136 3379 NV

180 3395 294 3444 critDE'
306 3395 364 3444 Bae.

634 3497 683 3539 ΕΖ
