2574 3818
305 205 499 264 PROPERT
497 205 519 259 I
521 204 581 273 US,
603 211 635 261 1.·
653 207 806 277 14.,1-16,
824 210 968 278 17.„1-2.
1071 207 1113 280 37

176 399 284 445 9-18.Ἰ
300 392 379 442 When
388 392 431 441 she
442 391 465 440 is
475 390 512 455 ly,
523 392 566 444 ,all
571 391 635 456 gold,
645 385 765 455 ollgems,
773 407 817 441 are
829 391 897 440 mine
903 405 913 440 .·
928 406 961 441 no
972 389 1062 441 wealtlr

242 471 265 520 is
275 470 366 520 wealtlr
377 471 486 520 without
496 470 549 522 lter.
837 498 839 502 -

177 602 183 646 ·,
241 579 321 640 Nam
343 579 403 639 sive
424 588 556 656 optatam
578 596 696 638 mecum
717 577 803 638 trahit
825 578 874 638 illa
894 577 1031 656 quietem,

283 677 341 738 Seu
360 678 436 743 facili
456 687 550 738 totum
571 679 652 737 ducit
671 695 771 737 amore
792 677 879 748 diem,
898 661 900 666 ¹
1074 695 1112 735 10

241 777 322 838 Tum
342 777 414 836 mihi
434 777 546 837 Pactoli
566 777 685 836 veniunt
706 777 761 834 sub
782 785 859 836 tecta
879 776 1015 853 liquores,

280 876 320 936 Et
339 877 444 954 legitur
464 875 557 936 rubris
578 893 697 952 gemma
717 877 771 936 sub
793 875 986 953 aequoribus:

239 975 321 1036 Tum
341 963 413 1034 'mihi
433 993 566 1035 cessuros
586 974 732 1050 spondent
752 992 820 1033 mea
840 973 947 1050 gaudia
969 992 1069 1051 reges3

281 1073 367 1147 Quae
387 1084 535 1145 maneant,
556 1072 627 1132 dum
648 1091 696 1132 me
717 1071 774 1131 fata
795 1073 888 1149 perire
909 1057 1026 1132 volent,
1049 1056 1051 1062 ’

239 1173 319 1234 Nam
340 1174 406 1251 quis
423 1173 525 1231 divitiis
545 1171 666 1231 adverso
686 1172 795 1248 gaudet
814 1171 946 1238 Amore?
1073 1188 1110 1247 15

280 1271 370 1331 Nulla
390 1271 461 1330 mihi
481 1271 554 1330 tristi
575 1271 705 1347 praemia
725 1271 783 1330 sint
802 1269 938 1330 Venere!
991 1341 994 1352 1

160 1427 279 1475 17-24.
295 1423 362 1474 Love
373 1429 451 1472 tames
461 1421 503 1471 the
512 1426 579 1470 stout
589 1420 670 1478 beart,
679 1420 746 1470 Leve
756 1421 842 1470 climbs
850 1427 917 1486 upon
925 1421 969 1471 the*
971 1423 1065 1487 purple

171 1563 174 1572 .
240 1501 313 1554 concta
320 1515 330 1550 :
347 1500 447 1565 isnave
457 1500 529 1549 smile
540 1506 599 1548 true
609 1514 641 1548 on
653 1515 699 1560 mc,
712 1500 732 1550 I
739 1515 786 1548 can
797 1499 889 1564 despise
899 1500 1030 1551 Alcinous.

239 1610 294 1670 Illa
312 1620 409 1688 potest
429 1627 553 1687 magnas
574 1609 698 1669 heroum
718 1609 874 1686 infringere
894 1610 976 1681 vires,
1022 1637 1024 1641 ·

279 1709 335 1768 Illa
355 1709 441 1768 etiarn
463 1708 542 1768 duris
563 1709 712 1768 mentibus
731 1727 795 1768 esse
817 1708 918 1768 dolor:

238 1808 292 1867 Illa
312 1826 407 1886 neque
429 1807 571 1866 Arabium
591 1808 693 1876 metuit
714 1808 919 1867 transcendere
940 1807 1038 1881 limen,

279 1905 343 1967 Nec
363 1907 445 1966 timet
465 1907 584 1980 ostrino,
606 1905 701 1978 Tulle,
723 1906 818 1965 subire
838 1915 912 1978 toro,
1071 1922 1110 1966 20

239 2005 278 2064 Et
297 2005 437 2064 miserum
453 2014 519 2064 toto
539 2005 673 2064 iuvenem
693 2023 806 2064 versare
828 2005 937 2064 cubili:

172 2091 175 2098 ⁴
279 2101 360 2177 Quid
380 2103 507 2161 relevant
527 2103 613 2162 variis
634 2103 725 2162 serica
744 2101 913 2161 textilibus?
973 2161 975 2166 .

239 2201 324 2274 Quae
345 2201 417 2260 mihi
438 2200 509 2259 dum
523 2201 637 2278 placata
658 2200 756 2272 aderit,
771 2219 832 2260 non
852 2200 912 2259 ulla
933 2202 1052 2260 verebor

279 2300 385 2378 Regna
402 2299 448 2360 vel
467 2300 586 2360 Alcinoi
605 2318 727 2360 munera
747 2299 903 2376 despicere.
1027 2299 1029 2304 ’

582 2485 609 2548 Ι.
628 2500 678 2568 17.

192 2617 269 2663 1—8.
288 2611 351 2662 ΑΙιΙ
367 2613 438 2675 tmly
455 2614 476 2662 I
491 2614 607 2663 deserved
623 2622 647 2664 to
664 2615 704 2664 die
725 2614 834 2664 deserted
852 2630 885 2664 tm
907 2615 959 2664 this
980 2616 1062 2678 lonely

215 2764 217 2770 y
239 2690 401 2832 ἓζῖῑὶιαανηίἅ
410 2692 451 2742 the
461 2691 569 2757 chtiling
576 2692 608 2757 of
612 2693 653 2743 the
664 2693 743 2751 wind,
753 2693 819 2742 since
830 2693 850 2742 I
856 2693 930 2741 could
939 2694 1007 2743 leave
1018 2710 1062 2757 my

237 2876 276 2937 Et
295 2878 407 2950 merit0‚
428 2879 569 2956 quoniam
590 2881 673 2957 potui
693 2880 800 2957 fugisse
820 2880 958 2957 puellam,

278 2975 367 3038 Nunc
388 2996 445 3062 ego
465 2979 594 3038 desertas
614 2980 747 3058 alloquor
766 2979 923 3055 alcyonasl

188 3173 227 3218 11.
241 3170 344 3220 veneunt
354 3169 425 3220 ffl.
499 3175 541 3222 18.
558 3187 606 3220 sua
613 3171 712 3235 gaudia
724 3173 859 3222 Burmann.
931 3177 974 3224 19.
991 3173 1108 3223 arabtum

124 3271 126 3276 -
156 3233 261 3300 1¹(At)
286 3234 402 3286 atrofiam
414 3235 535 3287 Graevius
562 3243 685 3286 auratum
695 3244 846 3287 oraeratum
857 3238 978 3288 Heinsius
1031 3240 1108 3289 limen

155 3301 333 3366 ombyffl.
408 3305 453 3354 20.
470 3303 540 3352 thoro
551 3306 642 3352 Mu.
717 3307 761 3354 22.
780 3305 893 3354 relevant
903 3305 969 3354 W
1002 3305 1110 3355 relevent

83 3397 87 3406 ·
157 3370 190 3417 0.
256 3369 301 3418 24.
319 3367 362 3417 vel
370 3371 424 3418 ΝΟ
458 3372 544 3420 καὶ.
