2574 3818
179 203 224 272 50
300 194 574 260 PROPERTIUS,
597 199 636 249 11.
663 196 837 264 10.,13-26.
864 203 924 263 ΙΙ.,
949 199 1010 251 1-6.

261 359 326 418 Iam
342 357 434 436 ‘negat
454 358 617 437 Euphrates
637 359 766 435 equitem
787 368 853 434 post
875 368 956 434 terga
976 363 1049 420 tueri

301 456 483 530 Parthorum,
504 467 532 516 et
554 457 677 517 Crassos
699 475 729 516 se
751 457 878 516 tenuisse
901 457 996 518 dolet:

260 556 345 614 India
366 556 444 632 quin,
466 556 606 632 Auguste,
628 567 680 614 tuo
701 555 751 614 dat
771 555 845 613 colla
867 555 1022 633 triumpho,
1093 575 1129 633 15

301 653 339 714 Et
360 655 465 738 domus
485 653 609 713 intactae
632 666 660 713 te
681 655 776 713 tremit
796 654 940 714 Arabiae:

257 752 297 811 Et
318 753 341 811 si
363 772 422 830 qua
442 754 578 812 extremis
599 753 682 812 tellus
704 771 735 811 se
757 753 898 812 subtrahit
919 754 985 826 oriS,

303 851 413 911 Sentiat
433 852 481 911 illa
501 865 566 912 tuas
587 862 653 929 post
674 851 765 911 modo
787 862 873 928 capta
894 871 1007 912 manus.

179 1019 298 1063 10-26.
323 1013 427 1062 Thisbe
444 1028 486 1075 my
501 1013 572 1061 task:
588 1013 644 1061 and
657 1012 739 1076 ejfmy
755 1012 855 1060 humble
871 1013 946 1061 Mnse
964 1027 1022 1075 may
1038 1020 1082 1062 not

259 1091 315 1140 deck
329 1091 432 1140 Cesae's
442 1091 528 1152 brews,
541 1091 564 1139 e't
575 1105 632 1153 may
643 1096 695 1138 cast
704 1105 721 1138 a
732 1091 828 1154 chaplet
837 1089 916 1154 before
926 1090 968 1138 his
970 1090 1032 1155 feet.

260 1203 344 1263 Haec
359 1222 416 1280 ego
430 1214 525 1263 castra
539 1221 660 1280 sequar:
683 1211 763 1261 vates
777 1213 826 1261 tua
840 1213 934 1264 castra
951 1204 1086 1262 canendo
1148 1189 1150 1192 ¹

302 1301 431 1379 Magnus
452 1320 519 1361 ero:
544 1313 656 1362 servent
676 1302 756 1361 hunc
778 1301 850 1361 mihi
871 1301 930 1362 fata
951 1302 1046 1361 diem!
1092 1321 1130 1362 20

259 1399 300 1459 Ut
322 1411 409 1478 caput
429 1400 459 1459 in
480 1402 595 1476 magnis
615 1401 666 1460 ubi
687 1419 750 1461 non
771 1411 815 1460 est
835 1411 954 1478 tangere
976 1401 1075 1478 signis,

299 1499 419 1559 Ponitur
439 1499 487 1558 hic
507 1500 582 1559 imos
603 1510 671 1558 ante
691 1518 802 1561 corona
821 1500 921 1577 pedes,
947 1575 954 1582 ,

193 1639 195 1646 r
232 1589 235 1604 '
260 1599 307 1659 Sic
328 1617 382 1659 nos
403 1617 489 1670 nunc,
510 1600 614 1676 inopes
635 1599 728 1658 laudis
750 1600 947 1660 conscendere
969 1618 1096 1673 carmen,

299 1695 479 1773 Pauperibus
501 1697 589 1756 sacris
610 1697 676 1755 vilia
697 1707 762 1756 tura
782 1697 895 1756 damus.

259 1793 402 1855 Nondum
432 1795 522 1854 etiam
553 1795 698 1855 Ascraeos
729 1804 837 1854 norunt
864 1812 931 1854 mea
958 1795 1089 1855 carmina

382 1894 484 1967 fontes,
1093 1909 1131 1970 25

300 1993 360 2054 Sed
381 1993 470 2053 modo
491 1992 636 2052 Permessi
657 1991 777 2050 flumine
797 1991 865 2050 lavit
885 1991 988 2051 Amor.

599 2241 644 2304 11.
665 2260 713 2336 11¹.

212 2388 291 2432 1-6.
311 2382 358 2430 Let
373 2381 454 2430 others
469 2380 530 2444 ring
543 2380 575 2444 pf
584 2380 645 2440 thee,
659 2379 779 2442 Cynthia,
793 2395 823 2428 or
836 2380 877 2428 die
893 2379 1038 2430 unknown:
1053 2397 1079 2430 so

250 2460 331 2532 *when
354 2459 415 2507 theu
433 2458 501 2507 slealt
519 2458 582 2507 have
604 2458 650 2507 lost
668 2458 709 2506 all
724 2457 769 2520 thy
786 2457 886 2506 cnarms
906 2457 936 2505 in
950 2457 1032 2516 death,
1050 2475 1083 2508 no

258 2538 377 2586 traveller
386 2536 456 2585 shall
460 2542 512 2600 stop
523 2541 546 2585 to
556 2550 601 2598 say
613 2535 692 2584 ‘Here
704 2535 748 2583 lies
758 2550 775 2583 a
787 2534 891 2584 learned
901 2533 989 2584 masii!
995 2534 1002 2555 ’

261 2668 395 2727 Scribant
416 2666 452 2726 de
473 2676 501 2726 te
522 2667 570 2725 alii
591 2665 637 2725 vel
658 2666 697 2725 sis
719 2666 821 2742 ignota
842 2664 957 2724 licebit:

300 2764 423 2837 Laudet,
444 2765 495 2845 qui
516 2761 604 2824 sterili
626 2765 738 2823 semina
758 2763 842 2842 ponit
862 2759 963 2824 humo.

210 3004 251 3050 15.
269 2999 326 3064 quis
338 3001 393 3048 No
437 3001 502 3065 quin
514 3003 544 3050 Ζ.
577 3003 619 3052 17.
637 2999 706 3047 heris
718 3002 754 3046 N.
797 3002 840 3046 23.
858 3013 959 3048 carmen
977 3000 1032 3047 ΝΟ
1045 2997 1130 3049 Hertz.

177 3072 223 3116 ete
265 3066 363 3114 culmen
376 3069 397 3112 z
410 3065 538 3126 Heinsius,
549 3066 606 3114 Bae.
641 3080 746 3114 currum
759 3062 904 3113 Markland.
945 3066 989 3112 24.
1008 3064 1087 3115 thura
1099 3067 1130 3113 0.

178 3135 223 3180 25.
240 3132 316 3179 etiam
330 3133 385 3180 ΝΟ
418 3131 509 3181 etenim
522 3132 580 3180 Bae
594 3130 707 3179 Mueller.

210 3195 246 3245 11.
267 3209 304 3243 11.
322 3199 346 3244 Ε·
361 3194 428 3258 joins
444 3196 495 3246 this
511 3195 634 3260 fragment
651 3203 679 3244 to
695 3195 738 3245 the
755 3193 870 3260 previous
888 3211 978 3259 poem:
1002 3194 1046 3244 the
1061 3194 1133 3245 other

177 3260 250 3311 MSS.
263 3262 320 3323 give
331 3261 350 3309 it
359 3277 387 3310 as
397 3278 413 3311 a
423 3269 534 3326 separate
545 3276 627 3326 poem.

210 3331 233 3377 1.
252 3327 386 3375 velNDV
418 3330 484 3376 nel«¹
498 3327 555 3376 Bne.
623 3328 649 3375 2.
666 3326 765 3376 Landet
776 3329 830 3374 DV
861 3325 1051 3400 LudetNFW.
