2574 3818
402 251 750 322 PROPERTJUS,1v.
774 263 920 329 3·‚1-34·
1098 246 1139 328 85

186 475 306 520 15-22.
329 465 400 515 Thou
416 471 459 514 art
475 481 531 514 nero
540 463 608 530 seur
612 481 690 528 years
706 480 796 529 away:
807 466 897 530 perish
914 466 944 516 he
961 466 1017 516 that
1024 465 1091 532 first

170 559 172 565 ⁴
255 543 395 612 fasltz'oned
403 552 465 593 trees
475 543 529 592 into
535 543 669 607 palisades.
678 544 828 608 andsorgcd
836 544 878 594 the
886 552 974 610 tmmp
983 545 1092 609 oswar!

262 673 302 732 Et
324 671 426 748 Stygio
447 689 512 729 sum
533 688 634 747 sparsa
654 669 730 741 lacu,
752 688 806 728 nec
828 681 907 729 recta
928 671 1041 748 capillis
1102 689 1138 748 15

304 770 386 828 Vitta
407 769 475 828 data
496 778 548 840 est,
570 769 656 845 nupsi
678 787 739 828 non
760 769 919 828 comitante
941 769 1007 829 deo.

264 869 410 930 Omnibus
430 867 489 926 heu
509 867 601 944 portis
622 867 753 943 pendent
773 885 841 925 mea
862 868 952 926 noxia
972 878 1056 928 vota:

305 967 429 1026 Texitur
450 965 524 1024 haec
544 966 645 1024 castris
667 975 771 1042 quarta
791 965 909 1024 lacerna
930 967 994 1024 tuis.
1018 1001 1021 1006 -

168 1058 171 1062 ’
265 1065 397 1136 Occidat,
418 1065 552 1124 inmerita
573 1064 624 1140 qui
645 1064 750 1141 carpsit
771 1065 809 1122 ab
830 1066 934 1123 arbore
956 1065 1073 1136 vallum,

304 1161 343 1222 Et
363 1164 467 1222 struxit
487 1162 623 1238 querulas
643 1180 732 1221 rauca
752 1180 804 1239 per
826 1180 893 1221 ossa
913 1164 1008 1234 tubas,
1101 1183 1140 1221 20

264 1261 389 1339 Dignior
410 1261 531 1337 obliquo
553 1261 654 1319 sunem
676 1261 727 1338 qui
748 1269 883 1336 torqueat
904 1259 1000 1333 Ocn0‚

303 1361 506 1436 Aeternusque
527 1369 609 1420 tuam
630 1369 739 1436 pascat,
760 1359 858 1430 aselle,
880 1359 1000 1418 samem.

121 1636 123 1640 .
184 1579 303 1622 tta-28.
320 1574 373 1621 Art
382 1571 443 1620 thou
454 1585 526 1620 worn
537 1571 592 1619 and
601 1569 713 1621 wastcd?
748 1572 766 1620 I
769 1578 837 1636 pray
849 1571 871 1619 it
882 1586 941 1634 may
952 1571 978 1621 be
981 1571 1030 1636 for
1040 1571 1092 1620 love

264 1649 356 1714 osma!

263 1776 320 1835 Dic
340 1776 421 1847 mihi,
442 1793 514 1832 num
535 1785 651 1833 teneros
672 1775 728 1833 urit
749 1775 840 1835 lorica
862 1774 1004 1834 lacertos?

305 1875 386 1934 Num
407 1874 502 1952 gravis
524 1872 657 1932 imbelles
679 1874 773 1932 atterit
795 1873 879 1932 hasta
900 1876 1026 1933 manus?

264 1974 376 2034 Diceris
397 1982 426 2031 et
446 1972 542 2030 macie
563 1972 674 2030 vultum
695 1981 849 2031 tenuasse:
876 1972 928 2031 sed
949 1982 1029 2049 opto,
1100 1986 1137 2045 27

304 2073 331 2131 E
352 2071 498 2131 desiderio
519 2072 555 2130 sit
575 2070 658 2130 color
678 2071 732 2130 iste
753 2089 829 2132 meo

185 2277 304 2322 89-42.
326 2273 406 2321 When
422 2271 497 2336 night
513 2287 595 2332 comcs,
607 2272 688 2321 Ikz'ss
705 2272 749 2334 thy
760 2287 837 2331 arms,
852 2271 872 2319 I
883 2277 930 2320 toss
946 2271 1041 2320 restlcss
1057 2287 1089 2320 on

266 2366 307 2413 my
318 2351 376 2399 bed:
396 2335 416 2400 'J
423 2351 471 2414 ply
488 2366 529 2413 my
546 2350 640 2399 winter
656 2349 718 2411 terh,
732 2366 761 2398 or
777 2350 849 2398 leam
866 2349 947 2398 where
955 2349 1033 2413 flows
1049 2348 1089 2397 the

265 2431 373 2489 Araxes,
386 2429 456 2477 what
467 2435 541 2492 parts
558 2443 602 2478 are
617 2428 731 2476 scorclzed
742 2427 806 2476 with
822 2427 920 2476 litator
930 2427 1011 2476 numb
1025 2427 1088 2475 with

265 2507 324 2564 cold,
336 2507 406 2555 what
417 2506 491 2554 wind
500 2506 557 2554 will
567 2507 630 2570 wast
640 2507 693 2555 thee
704 2507 762 2555 back
774 2513 797 2556 to
808 2507 885 2568 Italy.

264 2632 303 2691 At
324 2631 396 2689 mihi
417 2650 485 2691 cum
506 2642 608 2691 noctes
629 2631 743 2690 induxit
760 2631 874 2709 Vesper
895 2649 1018 2703 amaras,

311 2731 341 2789 Si
362 2750 421 2808 qua
441 2731 540 2789 relicta
560 2731 664 2802 iacent,
686 2731 802 2790 osculor
823 2749 905 2790 arma
925 2742 983 2790 tua.
1099 2750 1138 2807 30

264 2829 344 2889 Tum
366 2847 472 2906 queror
493 2830 524 2886 in
544 2838 607 2888 toto
628 2846 690 2887 non
712 2829 804 2900 sidere
825 2830 913 2905 pallia
935 2829 1020 2900 lectu,

305 2928 394 2987 Lucis
415 2938 443 2987 et
466 2937 598 2986 auctores
619 2946 680 2986 non
701 2927 770 2987 dare
792 2946 910 2986 carmen
932 2946 1006 2986 aves.

263 3025 407 3086 Noctibus
428 3026 557 3090 hibernis
579 3027 735 3085 castrensia
756 3045 847 3102 pensa
868 3027 971 3084 laboro

304 3125 343 3183 Et
365 3125 455 3202 Tyria
476 3125 506 3182 in
528 3125 625 3184 radios
646 3125 751 3183 vellera
772 3134 850 3183 secta
872 3143 949 3183 suos.

216 3319 258 3365 16.
283 3315 391 3364 Vittaut
441 3317 500 3364 Vita
513 3318 545 3364 0.
651 3317 695 3364 23.
713 3314 774 3363 dum
786 3318 839 3364 No
881 3329 944 3362 num
956 3317 989 3362 V.
1090 3317 1135 3364 34.

178 3381 275 3446 gladios
286 3385 339 3431 No
352 3382 405 3431 Per.
438 3381 563 3430 radiosa.
