2574 3818
330 843 1051 988 PROPERTIUS,III.1.

249 1158 329 1201 1-0.
346 1151 440 1201 Shades
450 1152 482 1216 of
490 1151 661 1200 Callimachus
674 1151 729 1200 ond
737 1151 868 1201 Philetas!
900 1149 938 1202 ’T
934 1152 956 1200 is
967 1153 988 1200 I
989 1150 1053 1216 first
1064 1150 1121 1200 that

296 1229 374 1293 hang
379 1244 449 1292 your
459 1229 521 1278 ritcs
534 1235 559 1279 to
569 1229 655 1292 Italy:
671 1229 716 1278 tell
729 1245 774 1287 me,
786 1229 883 1279 whence
897 1245 964 1279 came
974 1245 1042 1292 your
1052 1245 1120 1278 won-
1151 1299 1155 1305 Ι

295 1307 372 1355 draus
382 1306 444 1356 art?

296 1427 486 1486 Garunnam
507 1425 614 1484 Manes
633 1434 664 1484 et
685 1424 741 1484 Coi
763 1417 855 1506 sa'cra·
867 1425 1004 1496 Philemo,

337 1524 374 1582 In
395 1533 533 1594 vestrum,
554 1541 673 1600 quaeso,
696 1541 744 1582 me
765 1523 850 1583 sinite
871 1525 912 1583 ire
933 1542 1048 1584 nemus·

295 1622 408 1680 Primus
431 1640 488 1698 ego
509 1621 657 1697 ingredior
677 1639 752 1697 puro
774 1622 811 1680 de
831 1621 912 1681 fonte
934 1624 1074 1682 sacerdos

336 1720 410 1789 Itala
430 1739 484 1796 per
504 1718 611 1779 Graios
632 1719 716 1796 orgia
737 1718 812 1778 ferre
834 1720 948 1781 choros.

294 1817 399 1890 Dicite,
422 1836 482 1895 quo
502 1818 609 1894 pariter
629 1836 749 1877 carmen
769 1819 909 1878 tenuastis
930 1819 961 1876 in
982 1822 1088 1879 antro?
1149 1835 1167 1894 5

336 1917 441 1992 Quove
462 1917 538 1994 pede
559 1917 699 1994 ingressi?
721 1935 844 1993 quamve
865 1918 978 1976 bibistis
999 1920 1126 1995 aquam?

229 2113 329 2161 7-14.
347 2108 474 2157 Famoell
483 2114 507 2156 to
521 2107 608 2156 ornos!
640 2108 689 2170 My
699 2108 773 2156 Mure
788 2107 834 2155 has
848 2107 996 2170 triumphet!
1003 2107 1067 2156 with
1078 2107 1119 2156 the

286 2187 344 2252 fine
354 2184 527 2250 andfim‘shed
533 2200 605 2249 songs
615 2185 718 2249 oslove:
734 2186 774 2233 all
776 2191 846 2256 poets
855 2186 927 2234 swell
936 2200 978 2247 my
989 2185 1070 2234 train.

293 2303 342 2361 Ah
362 2303 463 2373 valeat,
486 2303 639 2362 Phoebum
660 2303 837 2379 quicumque
858 2313 990 2361 moratur
1010 2303 1040 2360 in
1062 2305 1168 2363 armisi

335 2401 462 2460 Exactus
483 2399 562 2460 tenui
583 2401 701 2477 pumice
723 2419 820 2459 versus
842 2410 889 2458 eat
899 2421 908 2474 ;

295 2499 365 2572 Quo
385 2517 434 2557 me
456 2498 548 2557 Fama
569 2498 643 2562 levat
665 2507 741 2557 terra
762 2498 903 2570 sublimis,
925 2509 954 2557 et
975 2517 993 2557 a
1013 2517 1061 2557 mc

335 2595 414 2655 Nata
434 2597 579 2657 coronatis
600 2595 688 2656 Musa
708 2597 868 2674 triumphat
889 2597 982 2674 equis,
1131 2615 1167 2654 10

294 2695 333 2754 Et
353 2713 471 2754 mecum
491 2697 522 2753 in
543 2714 628 2754 curru
649 2697 730 2773 parvi
751 2706 900 2755 vectantur
919 2696 1054 2767 Amores

335 2794 573 2871 Scriptorumque
593 2813 674 2853 meas
695 2795 780 2853 turba
801 2804 900 2853 secuta
922 2803 1011 2854 rotas.

294 2893 375 2966 Quid
395 2893 501 2952 frustra
521 2893 617 2951 missis
638 2893 669 2950 in
690 2912 738 2952 me
759 2894 874 2952 certatis
895 2892 1038 2952 habenis?

335 2991 406 3051 Non
427 2992 511 3049 datur
532 2990 569 3049 ad
591 2988 694 3049 Musas
715 3009 829 3049 currere
850 2990 909 3049 lata
930 2993 984 3050 via.

245 3187 267 3231 1.
285 3183 323 3230 coi
333 3179 400 3230 NW
432 3182 487 3230 choi
498 3184 521 3230 0
556 3183 607 3230 For
616 3196 687 3230 sacra
699 3182 757 3230 Bae.
770 3179 832 3240 conj.
837 3181 900 3245 fata
914 3181 1064 3243 (=umbra).
1140 3185 1167 3231 4.

212 3251 321 3297 cornu.
455 3251 481 3296 5.
499 3246 699 3296 tenuastisNF²
730 3247 848 3296 tenuistis
861 3249 893 3296 0.
1033 3253 1057 3299 7.
1077 3247 1122 3296 Ha
1133 3251 1166 3298 F.

214 3318 258 3362 10.
277 3319 335 3360 nota
348 3315 377 3361 Ζ.
476 3317 514 3361 11.
532 3328 638 3372 currum
649 3315 686 3361 N.
783 3316 826 3361 13.
845 3311 928 3360 massis
944 3310 1018 3360 MSS.
1053 3312 1168 3362 inmissis

212 3380 323 3427 Auratus
355 3378 471 3427 admissis
482 3379 562 3427 Palm.
