2574 3818
362 195 635 268 PROPERTIUS,
658 202 707 252 IV.
732 186 774 269 6.,
798 215 895 266 35-52.
1063 205 1105 274 95

231 361 291 420 Aut
312 359 405 437 qualis
426 361 520 420 flexos
541 361 626 420 solvit
647 360 783 438 Pythona
802 379 855 438 per
876 362 963 422 orbes
1061 378 1100 438 35

274 459 455 537 Serpentem,
477 460 600 519 inbelles
620 477 709 536 quem
729 460 852 518 timuere
873 458 959 519 serae.

149 728 274 775 a'r—u.
293 725 330 774 ‘O
341 723 536 789 saviourofthe
553 725 635 774 world
640 724 651 775 Ι
656 722 664 742 ’
675 724 705 774 he
721 723 781 774 said
784 741 796 786 ,·
813 731 935 792 ‘conquer
949 727 1010 777 thou
1027 727 1056 790 by

232 819 272 853 sea
282 819 311 852 as
321 803 382 852 thou
396 803 453 852 least
468 804 605 867 conquered
618 804 648 866 by
656 804 721 852 land
726 817 735 853 .·
743 803 802 868 free
818 805 863 868 thy
873 805 1056 870 cannttyfrom

223 881 292 944 sear,
304 881 345 930 tlte
358 897 398 930 sea
402 880 474 946 from
484 881 589 931 skama!
630 883 678 931 Let
688 898 720 932 na
735 882 920 947 teanorsfrt'glrt
929 883 998 933 thee:
1024 900 1056 932 no

231 977 302 1010 cause
313 961 335 1009 is
345 966 434 1024 strong
441 961 498 1010 tltat
508 960 581 1010 tanat
594 961 649 1018 just
656 975 665 1010 .·
673 961 801 1026 sarward,
813 961 868 1010 and
875 961 980 1016 Phabas
990 961 1059 1010 shall

232 1039 257 1088 be
268 1039 338 1088 thina
349 1039 414 1088 aid!
423 1038 430 1060 '

232 1190 305 1250 Mox
326 1191 384 1249 ait:
414 1190 460 1249 ‘O
482 1189 574 1266 longa
593 1190 697 1250 mundi
718 1200 848 1250 servator
869 1191 907 1249 ab
927 1190 1014 1265 Alba,

273 1291 415 1368 Auguste,
438 1290 597 1350 Hectoreis
617 1291 736 1366 cognite
756 1291 851 1350 maior
870 1291 940 1364 avis,

229 1390 324 1450 Vince
338 1390 427 1448 maril
449 1389 508 1447 iam
522 1399 598 1448 terra
611 1399 662 1448 tua
676 1399 738 1449 est:
760 1390 811 1449 tibi
826 1390 929 1450 militat
943 1409 1038 1463 arcus,

269 1489 308 1548 Et
328 1489 405 1548 lavet
425 1507 462 1548 ex
483 1488 612 1548 humeris
632 1488 691 1547 hoc
712 1507 788 1548 onus
809 1507 898 1549 omne
919 1491 1001 1549 meis.
1059 1511 1099 1564 40

230 1587 315 1647 Solve
336 1598 419 1646 metu
440 1587 574 1664 patriam,
595 1604 672 1665 quae
693 1605 772 1647 nunc
793 1597 823 1647 te
843 1588 960 1648 vindice
980 1588 1054 1648 lreta

270 1687 405 1764 Inposuit
425 1705 531 1763 prorae
552 1686 671 1764 publica
691 1697 760 1746 vota
780 1697 857 1746 tuae.
1024 1671 1031 1688 ’

230 1785 328 1858 Quam
348 1785 404 1844 nisi
425 1785 576 1856 defendeS‚
597 1804 750 1868 murorum
771 1785 918 1846 Romulus
939 1805 1032 1864 augur

233 1923 234 1926 =
269 1885 316 1945 Ire
336 1885 483 1945 Palatinas
503 1901 565 1944 non
585 1886 661 1944 bene
683 1885 752 1944 vidit
773 1905 850 1945 aves,
1100 1961 1102 1966 ,

229 1985 268 2043 Et
288 1985 410 2043 nimium
431 1985 518 2044 remis
539 1985 665 2044 audent:
694 1985 768 2063 proh
788 1995 872 2062 turpe
893 1984 1015 2045 Latinos
1060 2005 1098 2060 45

269 2083 401 2161 Principe
422 2093 450 2143 te
471 2085 576 2144 fluctus
596 2085 678 2160 regia
698 2084 763 2143 vela
783 2085 852 2160 pati.

229 2181 294 2242 Nec
313 2192 350 2255 te,
372 2183 453 2260 quod
474 2182 576 2243 classis
598 2183 729 2243 centenis
749 2183 873 2260 remiget
894 2182 956 2256 alis,

269 2281 405 2340 Terreat:
436 2281 526 2340 invito
547 2282 653 2341 labitur
673 2281 721 2340 illa
741 2281 824 2341 mari.

229 2379 376 2457 Quodque
390 2379 498 2439 vehunt
519 2398 623 2458 prorae
645 2379 810 2439 Centauros
831 2383 901 2438 sa'xa
922 2379 1069 2452 minantis,

269 2477 368 2554 Tigna
388 2495 459 2537 cava
479 2488 508 2537 et
528 2479 623 2556 pictos
644 2479 795 2557 experiere
815 2488 919 2538 metus.
1058 2495 1097 2553 50

229 2575 345 2654 Frangit
361 2587 391 2636 et
411 2576 512 2637 attollit
534 2578 608 2637 vires
629 2578 660 2640 in
681 2577 772 2636 milite
793 2595 898 2650 causa;

269 2675 354 2746 Quae
374 2677 430 2736 nisi
452 2676 526 2736 iusta
547 2677 656 2749 subest,
679 2675 788 2735 excutit
809 2695 891 2734 arma
911 2674 1014 2753 pudor.

177 2920 379 2970 ae.intcltes1t
407 2921 514 2969 imbelles
522 2922 576 2968 DV
597 2935 671 2984 quom
678 2927 774 2968 tacuere
781 2920 851 2982 lyrae
859 2919 888 2966 L.
895 2917 1002 2968 Mueller
1028 2919 1097 2980 lyrae

145 2989 252 3034 Nova
263 2986 348 3035 Hertz.
356 2993 416 3036 etc:
429 2985 576 3050 apparently
582 2986 646 3035 from
655 2985 673 3036 l.
684 2999 713 3047 32
724 3003 730 3033 ι
747 2985 815 3035 Post.
822 2984 923 3034 defends
931 2984 959 3032 it.
983 2983 1041 3031 Bae.
1050 2983 1096 3031 has

144 3052 215 3100 deae:
234 3051 333 3101 Palmer
340 3051 396 3100 viai
404 3052 561 3116 (comparing
573 3051 620 3102 Ov.
630 3050 692 3101 Met.
703 3064 724 3100 1.
733 3050 781 3113 438
794 3049 859 3114 sqq.)
871 3065 899 3098 or
902 3048 977 3113 ferae
987 3048 1070 3098 which
1082 3048 1095 3096 I

144 3116 208 3166 have
218 3116 335 3181 adopted.
421 3120 465 3165 42.
483 3118 640 3181 InposuitN
689 3116 813 3180 Imponeit
824 3118 856 3164 0.
941 3117 987 3163 45.
1005 3114 1043 3163 Et
1052 3114 1094 3162 ni-

145 3183 226 3231 mium
243 3183 334 3231 NFW
382 3181 421 3231 Et
434 3198 510 3240 nunc,
523 3198 561 3240 en,
574 3182 650 3231 remis
661 3182 756 3230 audent
760 3187 837 3244 prope
848 3180 906 3228 Bae.
946 3186 1028 3293 {rope
1040 3182 1093 3229 ΝΟ

143 3249 197 3298 Per.
220 3247 395 3312 prahturpez
421 3248 526 3296 Latinis
534 3251 587 3296 ΝΟ
612 3248 719 3296 Latenos
727 3245 869 3304 Markland,
879 3245 937 3295 Bae.
968 3252 1015 3294 ost.
1046 3248 1093 3294 49.

146 3314 296 3363 Centaurica
307 3312 350 3364 the
365 3313 437 3364 MSS.
451 3315 589 3363 Centauros
601 3311 665 3376 Guy.
699 3312 824 3361 minantis
835 3314 889 3359 NF
923 3311 1048 3360 minantes
1058 3312 1092 3358 V.
