2574 3818
360 509 970 670 Trssuiuus,n13

192 764 290 808 1—10.
312 757 391 808 What
406 759 469 808 boots
485 759 514 820 it,
529 761 638 820 Neaera,
652 760 709 809 that
724 762 745 810 I
756 761 819 810 have
825 761 904 827 filled
917 761 1011 810 heaven
1028 760 1092 810 with

272 852 314 900 my
325 837 455 901 praycrs?
478 844 521 886 not
528 838 577 901 for
593 838 687 888 marblc
703 839 776 888 house
792 855 822 888 or
837 839 892 888 ricla
909 845 991 900 estate,
1008 839 1092 889 butte

270 915 343 1044 ZZZ
359 916 399 964 all
405 915 465 981 joys
481 915 545 965 wita
562 916 622 978 thee,
642 916 697 965 and
711 918 761 966 live
778 917 861 983 happy
876 918 906 966 in
923 918 967 982 thy
979 918 1032 968 Iove
1049 919 1093 967 till

270 1093 353 1167 Qum
374 1096 494 1171 prodest
514 1095 628 1155 caelum
649 1095 722 1155 votis
743 1095 886 1172 implesse,
909 1095 1033 1169 Neaera,

297 1193 483 1271 ‘Blandaque
504 1212 573 1254 cum
593 1193 686 1253 muita
706 1204 770 1252 tura
791 1194 906 1254 dedisse
928 1214 1023 1271 prece,

270 1291 341 1351 Non
362 1303 393 1351 ut
414 1294 568 1352 marmorei
590 1293 738 1370 prodirem
759 1312 776 1352 e
796 1293 895 1353 limine
916 1295 992 1365 tecti,

311 1391 437 1468 Insignis
458 1392 536 1451 clara
556 1392 793 1470 conspicuusque
814 1393 915 1465 d0m0‚

269 1491 329 1550 Aut
349 1502 381 1550 ut
402 1491 493 1550 multa
514 1492 572 1550 mei
593 1503 765 1552 renovarent
786 1492 888 1568 iugera
908 1493 991 1565 tauri,
1121 1508 1138 1567 5

310 1591 349 1650 Et
369 1608 492 1668 magnas
513 1609 622 1650 messes
643 1601 719 1650 terra
739 1591 867 1668 benigna
886 1591 976 1664 daret,

272 1690 330 1749 Sed
350 1700 447 1749 tecum
468 1700 499 1749 ut
520 1690 627 1766 longae
648 1691 791 1749 sociarem
812 1690 920 1767 gaudia
940 1691 1013 1750 vitae

226 1771 228 1778 Ι
311 1790 404 1867 Inque
425 1800 476 1848 tuo
498 1788 613 1848 caderet
632 1800 733 1848 nostra
753 1799 871 1848 senecta
893 1790 967 1863 sinu,

270 1887 350 1948 Tum
364 1906 440 1954 ,cum
461 1906 617 1965 permenso
638 1887 791 1948 defunctus
811 1897 943 1964 tempore
964 1889 1038 1960 lucis

311 1987 417 2046 Nudus
437 1986 567 2046 Lethaea
588 2004 708 2064 cogerer
728 1986 769 2045 ire
790 1988 870 2045 rate?
1052 2029 1054 2032 -
1102 2005 1138 2045 10

190 2159 308 2204 11-24.
330 2153 407 2204 What
417 2162 440 2204 to
449 2171 493 2232 ‘mc
506 2171 570 2204 were
580 2154 641 2218 gold
650 2170 680 2204 ar
691 2155 769 2218 pcarl
780 2170 810 2204 or
820 2155 920 2215 mardie,
933 2156 1002 2204 what
1013 2171 1089 2218 grove

269 2249 299 2282 or
310 2233 397 2296 gilded
410 2233 482 2298 roos?
520 2233 589 2281 With
606 2233 665 2292 thee,
684 2235 792 2292 neaera,
805 2238 909 2298 poverty
922 2248 987 2282 were
1002 2241 1089 2283 sancet:

270 2327 302 2360 no
313 2311 400 2374 kingly
411 2311 501 2360 wealth
513 2326 559 2359 can
565 2311 649 2376 plcase
660 2311 768 2360 without
778 2311 838 2360 thee.

270 2428 349 2488 Nam
375 2448 462 2505 grave
484 2429 555 2506 quid
580 2428 699 2505 prodest
725 2423 841 2504 pondus
867 2428 939 2486 mihi
960 2428 1056 2488 divitis

393 2527 463 2593 auri,

309 2626 445 2704 Arvaque
467 2625 492 2684 si
512 2624 625 2683 findant
647 2625 767 2702 pinguia
788 2625 868 2683 mille
888 2626 1002 2684 boves?

271 2725 385 2798 Quidve
407 2725 512 2783 domus
532 2723 649 2800 prodest
670 2723 802 2800 Phrygiis
823 2723 923 2781 innixa
945 2724 1096 2794 columnis,

282 2821 285 2850 ³
311 2823 446 2881 Taenare
468 2823 526 2880 sive
548 2823 611 2894 tuis,
633 2823 692 2881 sive
714 2821 834 2898 Caryste
855 2823 921 2894 tuis

269 2920 308 2981 Et
327 2939 450 2980 nemora
470 2921 501 2978 in
523 2921 659 2980 domibus
679 2938 777 2980 sacros
797 2920 939 2978 imitantia
959 2920 1049 2993 lucos
1101 2938 1137 2997 15

311 3021 495 3096 Aurataeque
515 3020 611 3078 trabes
631 3037 886 3096 marmoreumque
907 3018 1022 3079 solum?

101 3161 114 3180 ⁹
222 3187 272 3237 111.
284 3188 306 3236 3.
335 3190 360 3236 2.
378 3189 513 3252 Multaque
527 3203 583 3236 cum
595 3188 687 3236 blanda
704 3187 794 3249 Bergk.
879 3192 903 3240 7·
922 3186 1053 3236 sociarc'G
1103 3199 1144 3235 sot

190 3253 287 3302 ciarent
307 3256 369 3302 AV.
474 3257 500 3301 9.
513 3255 679 3317 pcrmensoO
723 3258 885 3316 praemensac
903 3255 955 3301 ΖΗ
992 3259 1139 3316 permaneat

191 3317 318 3368 Huschke.
360 3322 397 3368 11.
409 3318 590 3402 quidprodesfe
596 3325 675 3382 potest
680 3319 780 3383 pandus
787 3334 866 3383 grave
878 3319 933 3366 Par.
