2574 3818
185 173 227 255 36
412 181 609 237 PROPERT
605 182 626 236 J
628 181 686 249 US,
701 188 726 238 1.
744 172 785 250 8.,
809 186 910 254 ²9·4⁶·

266 343 352 405 Falsa
372 345 437 405 licet
458 345 580 423 cupidus
602 345 732 424 deponat
752 347 857 425 gaudia
877 347 970 408 livor:

307 442 423 502 Destitit
444 444 485 503 ire
505 462 598 503 novas
620 444 745 522 Cynthia
766 456 867 505 nostra
886 445 956 505 vias.
1094 464 1133 522 30

265 540 311 600 Illi
332 560 417 601 carus
437 561 494 618 ego
514 551 543 602 et
563 561 615 620 per
635 561 683 602 me
704 544 854 603 carissima
874 543 972 604 Roma

305 639 428 714 Dicitur,
448 651 478 700 et
498 641 560 700 sine
580 660 630 700 me
651 641 748 702 dulcia
766 661 859 720 regna
881 651 977 720 negat.

183 815 303 860 aa-ce.
320 810 348 858 lt
358 809 785 874 isnotgvldmrpearlsttathave
795 810 951 875 wonforme
961 803 1086 870 hertam

265 887 288 937 it
299 888 321 936 is
332 903 374 950 my
382 887 435 952 gift
445 887 547 952 ofsong.

265 1005 354 1064 Hanc
375 1023 431 1082 ego
452 1024 513 1064 non
534 1023 614 1077 auro,
635 1024 698 1064 non
719 1005 801 1064 Indis
822 1005 937 1065 flectere
958 1004 1089 1078 conchis,

307 1103 364 1164 Sed
386 1105 469 1181 potui
489 1104 589 1163 blandi
610 1104 748 1163 carminis
769 1105 919 1181 obsequio.
1095 1122 1133 1176 40

267 1203 340 1284 Sunt
361 1203 447 1280 igitur
468 1202 583 1275 Musae,
605 1221 700 1281 neque
722 1203 829 1262 amanti
849 1201 947 1262 tardus
968 1202 1084 1279 Apoll0,

303 1301 384 1374 “Quis
405 1320 462 1377 ego
483 1301 572 1360 fretus
593 1320 681 1363 amo:
704 1300 832 1377 Cynthia
852 1319 917 1360 rara
937 1319 1006 1360 mea
1026 1310 1079 1360 est.

264 1399 353 1459 Nunc
374 1400 444 1459 mibi
466 1418 582 1459 summa
603 1400 668 1459 licet
690 1401 858 1477 contingere
880 1400 974 1459 sidera
994 1399 1118 1476 plantis:

307 1498 373 1558 Sive
394 1499 456 1558 dies
477 1517 529 1558 seu
549 1516 610 1558 nox
631 1498 748 1570 venerit,
771 1483 826 1557 illa*
839 1516 906 1558 mea
926 1508 979 1557 est.

264 1597 329 1658 Nec
349 1599 420 1660 mihi
442 1599 535 1658 rivalis
557 1608 651 1659 certos
672 1599 815 1659 subducet
837 1617 969 1660 amores:
1095 1612 1133 1673 45

305 1698 366 1757 Ista
386 1717 484 1757 meam
503 1698 581 1757 norit
601 1698 694 1775 gloria
716 1697 860 1758 canitiem.

613 1913 639 1976 Ι.
659 1931 708 1991 14.

214 2061 290 2108 1-8.
313 2057 416 2121 Though
433 2025 474 2106 all
486 2058 584 2121 luxury
595 2058 621 2108 be
636 2058 715 2120 thim,
730 2058 828 2118 Tullus,
840 2073 869 2106 aa
885 2056 945 2106 thou
956 2062 1040 2122 gazest
1054 2072 1087 2107 on

264 2135 334 2184 wood
341 2135 396 2183 and
405 2135 483 2196 river,
496 2151 528 2184 no
539 2136 629 2185 wealtlr
642 2152 701 2198 may
711 2137 787 2201 cqual
796 2136 836 2185 the
847 2135 927 2184 riches
937 2135 969 2199 of
973 2151 1015 2198 my
1026 2136 1084 2188 Iove.

263 2253 314 2312 Tu
335 2253 401 2312 licet
422 2254 551 2312 abiectus
573 2253 713 2313 Tiberina
734 2254 859 2313 molliter
878 2253 958 2312 unda

304 2352 411 2411 Lesbia
432 2351 587 2410 Mentoreo
609 2352 676 2410 vina
696 2353 780 2411 bibas
800 2371 897 2429 opere,

263 2449 302 2509 Et
323 2450 413 2510 modo
435 2459 496 2508 tarn
516 2451 625 2510 celeres
646 2451 757 2510 mireris
777 2469 891 2510 currere
912 2449 1018 2521 lintres,

196 2607 199 2614 ,
305 2548 343 2607 Et
363 2549 454 2608 modo
475 2559 535 2608 tam
556 2549 652 2608 tardas
673 2545 790 2609 funibus
811 2550 852 2608 ire
873 2559 957 2619 rates,

263 2649 303 2707 Et
323 2665 428 2706 nemus
448 2666 537 2707 omne
558 2657 635 2707 satas
656 2649 787 2708 intendat
807 2649 912 2708 vertice
935 2646 1029 2717 silvas
1114 2663 1131 2723 5

305 2744 433 2821 Urgetur
453 2744 568 2820 quantis
589 2743 739 2804 Caucasus
761 2746 931 2804 arboribus:

264 2844 335 2904 Non
355 2854 455 2902 tamen
476 2843 531 2901 ista
550 2861 619 2902 meo
640 2843 755 2902 valeant
776 2843 952 2904 contendere
973 2845 1082 2905 amori:

306 2942 408 3002 Nescit
429 2941 521 3002 Amor
541 2941 656 3016 magnis
677 2942 781 3000 cedere
802 2941 913 3001 divitiis.
1014 2987 1015 2992 1

215 3126 261 3172 40.
278 3123 336 3172 Bae.
344 3130 458 3187 suggests
468 3122 591 3171 carntinis
601 3122 725 3187 adloquio.
791 3127 837 3173 42:
850 3139 907 3172 amo
915 3125 970 3172 ΝΟ
1004 3123 1062 3173 Bae.
1070 3119 1134 3182 conj.

180 3204 231 3238 ovo.
299 3193 344 3238 45.
360 3189 476 3238 subducet
487 3186 630 3237 1¹²GPalm.
664 3189 817 3238 subducitN
831 3190 916 3239 Hertz.
929 3189 1006 3240 Lacu

214 3257 241 3302 4.
259 3255 312 3303 iam
323 3257 376 3303 Aa*
410 3254 513 3320 finibus
523 3255 585 3302 AF.
659 3257 685 3306 ὅ.
701 3270 772 3304 omne
783 3258 837 3304 lto
878 3255 1032 3306 undeLach.
1107 3257 1126 3303 6

183 3327 295 3383 quantus
306 3322 367 3368 DV.
